%%%%%%%%%%%%%%%%%%%%%%%%%%%%%%%%%%%%%%%%%%%%%%%%%%%%%%%%%%%%%%%%%%%%%%%%%%%%

% BiBTeX Abbreviations - long version

% Note: each abbrev*.bib file should be kept in sync
% http://www.ieee.org/documents/ieeecitationref.pdf
%%%%%%%%%%%%%%%%%%%%%%%%%%%%%%%%%%%%%%%%%%%%%%%%%%%%%%%%%%%%%%%%%%%%%%%%%%%%

@string{ journal_tissec =   "ACM Trans. Inf. Syst. Security"}
@string{ journal_tog     =  "ACM Trans. Graph."}
@string{ journal_cvgip =    "CVGIP: Image Understanding"}
@string{ journal_ijcc =    "Int. J. Comput. Commun."}
@string{ journal_ijcv =     "Int. J. Comput. Vision"}
@string{ journal_ijrr =     "Int. J. Robot. Research"}
@string{ journal_ijra =     "IEEE J. Robot. and Autom."}
@string{ journal_icra96 =   "Proc. IEEE Int. Conf. Robotics Automation, Minneapolis, May 1996"}
@string{ journal_cvgip =    "Comput. Vision, Graphics and Image Processing"}
@string{ journal_cviu =     "Comput. Vision and Image Understanding"}
@string{ journal_cgip =     "Comput. Graphics and Image Processing"}
@string{ journal_grs = "IEEE J. Geoscience Remote Sensing Letters"}
@string{ journal_ivc =      "J. Image and Vision Computing"}
@string{ journal_josa =     "J. Optical Soc. of America A."}
@string{ journal_mitai =    "MIT Artificial Intelligence Laboratory"}
@string{ journal_jai =      "J. Artificial Intelligence"}
@string{ journal_jshr =     "J. Speech and Hearing Research"}
@string{ journal_t-assp =   "IEEE Trans. Acoust., Speech, Signal Process."}
@string{ journal_t-csvt =   "IEEE Trans. Circuits Sys. Video Technol."}
@string{ journal_t-dsc =    "IEEE Trans. Dependable and Secure Computing"}
@string{ journal_t-ip =     "IEEE Trans. Image Process."}
@string{ journal_t-ifs =    "IEEE Trans. Inf. Forens. Security"}
@string{ journal_t-it =     "IEEE Trans. Inf. Theory"}
@string{ journal_t-im =     "IEEE Trans. Instrum. Meas."}
@string{ journal_t-mi =     "IEEE Trans. Med. Imag."}
@string{ journal_t-nn =     "IEEE Trans. Neural Netw."}
@string{ journal_pami =     "IEEE Trans. Pattern Anal. Mach. Intell."}
@string{ journal_t-ra =     "IEEE Trans. Robot. Autom."}
@string{ journal_t-sp =     "IEEE Trans. Signal Process."}
@string{ journal_t-sap =    "IEEE Trans. Speech Audio Process."}
@string{ journal_p-smc-a =  "IEEE Trans. Syst. Man Cyber. A, Syst. Humans"}
@string{ journal_p-smc-b =  "IEEE Trans. Syst. Man Cyber. B, Cybern."}
@string{ journal_p-smc-c =  "IEEE Trans. Syst. Man Cyber. C, Appl. and Rev."}
@string{ journal_ieee-sig = "IEEE Signal Processing Mag."}
@string{ journal_p-ieee =   "Proc. of the IEEE"}
@string{ journal_mia =      "Medical Image Anal."}
@string{ journal_mva = "Mach. Vision and Appl."}
@string{ journal_ijig =     "Int. J. of Image and Graphics"}
@string{ journal_ivc =      "Image and Vision Computing"}
@string{ journal_ftcgv =    "Found. and Trends in Comput. Graph. and Vision"}
@string{ journal_jmlr =     "J. Mach. Learning Research"}
@string{ journal_jppr =     "J. Pattern Recognition Research"}
@string{ journal_pr =       "Pattern Recognition"}
@string{ journal_psyb =     "Psychological Bulletin"}
@string{ journal_ijisp =    "Int. J. Inf. Security and Privacy"}

%%%%%%%%%%%%%%%%%%%%%%%%%%%%%%%%%%%%%%%%%%%%%%%%%%%%%%%%%%%%%%%%%%%%%%%%%%%%

@string{ booktitle_cvpr = "Proc. IEEE Conf. Computer Vision and Pattern Recognition (CVPR)" }

@string{ address_cvpr14 = "Columbus, OH" }
@string{ address_cvpr13 = "Portland, OR" }
@string{ address_cvpr12 = "Providence, RI" }
@string{ address_cvpr11 = "Colorado Springs, CO" }
@string{ address_cvpr10 = "San Francisco, CA" }
@string{ address_cvpr09 = "Miami, FL" }
@string{ address_cvpr08 = "Anchorage, Alaska" }
@string{ address_cvpr07 = "Minneapolis, MI" }
@string{ address_cvpr06 = "New York, NY" }
@string{ address_cvpr05 = "San Diego, CA" }
@string{ address_cvpr04 = "Washington, DC" }
@string{ address_cvpr03 = "Madison, WI" }
@string{ address_cvpr01 = "Lihue, Kauai, Hawaii" }
@string{ address_cvpr00 = "Hilton Head, SC" }
@string{ address_cvpr99 = "Fort Collins, CO" }
@string{ address_cvpr98 = "Santa Barbara, CA" }
@string{ address_cvpr97 = "San Jaun, PR" }
@string{ address_cvpr96 = "Fort Collins, CO" }
@string{ address_cvpr94 = "Seattle, WA" }
@string{ address_cvpr93 = "New York, NY" }
@string{ address_cvpr92 = "Champaign, IL" }
@string{ address_cvpr91 = "Lahaina, Maui, HI" }
@string{ address_cvpr89 = "San Diego, CA" }
@string{ address_cvpr88 = "Ann Arbor, MI" }
@string{ address_cvpr86 = "Miami, FL" }
@string{ address_cvpr85 = "San Francisco, CA" }
@string{ address_cvpr83 = "Arlington, VA" }

@string{ month_cvpr14 = jun }
@string{ month_cvpr13 = jun }
@string{ month_cvpr12 = jun }
@string{ month_cvpr11 = jun }
@string{ month_cvpr10 = jun }
@string{ month_cvpr09 = jun }
@string{ month_cvpr08 = jun }
@string{ month_cvpr07 = jun }
@string{ month_cvpr06 = jun }
@string{ month_cvpr05 = jun }
@string{ month_cvpr04 = jun }
@string{ month_cvpr03 = jun }
@string{ month_cvpr01 = dec }
@string{ month_cvpr00 = jun }
@string{ month_cvpr99 = jun }
@string{ month_cvpr98 = jun }
@string{ month_cvpr97 = jun }
@string{ month_cvpr96 = jun }
@string{ month_cvpr94 = jun }
@string{ month_cvpr93 = jun }
@string{ month_cvpr92 = jun }
@string{ month_cvpr91 = jun }
@string{ month_cvpr89 = jun }
@string{ month_cvpr88 = jun }
@string{ month_cvpr86 = jun }
@string{ month_cvpr85 = jun }
@string{ month_cvpr83 = jun }

%%%%%%%%%%%%%%%%%%%%%%%%%%%%%%%%%%%%%%%%%%%%%%%%%%%%%%%%%%%%%%%%%%%%%%%%%%%%

@string{ booktitle_eccv = "Proc. European Conf. Computer Vision (ECCV)" }

@string{ address_eccv90 = "Antibes, France" }
@string{ address_eccv92 = "Santa Margherita Ligure, Italy" }
@string{ address_eccv94 = "Stockholm, Sweden" }
@string{ address_eccv96 = "Cambridge, UK" }
@string{ address_eccv98 = "Freiburg, Germany" }
@string{ address_eccv00 = "Dublin, Ireland" }
@string{ address_eccv02 = "Kopenhagen, Denmark" }
@string{ address_eccv04 = "Prague, Czech Republic" }
@string{ address_eccv06 = "Graz, Austria" }
@string{ address_eccv08 = "Marseille, France" }
@string{ address_eccv10 = "Crete, Greece" }
@string{ address_eccv12 = "Florence, Italy" }

@string{ month_eccv90 = "" }
@string{ month_eccv92 = "" }
@string{ month_eccv94 = "" }
@string{ month_eccv96 = "" }
@string{ month_eccv98 = "" }
@string{ month_eccv00 = jun }
@string{ month_eccv02 = "" }
@string{ month_eccv04 = "" }
@string{ month_eccv06 = may }
@string{ month_eccv08 = oct }
@string{ month_eccv10 = sep }
@string{ month_eccv12 = oct }


%%%%%%%%%%%%%%%%%%%%%%%%%%%%%%%%%%%%%%%%%%%%%%%%%%%%%%%%%%%%%%%%%%%%%%%%%%%%

@string{ booktitle_iccv = "Proc. Int. Conf. Computer Vision (ICCV)" }
@string{ booktitle_iccvw = "Proc. Int. Conf. Computer Vision Workshops (ICCVW)" }

@string{ address_iccv87 = "London, UK" }
@string{ address_iccv88 = "Tarpon Springs, FL, USA" }
@string{ address_iccv90 = "Osaka, Japan" }
@string{ address_iccv93 = "Berlin, Germany" }
@string{ address_iccv95 = "Cambridge, MA, USA" }
@string{ address_iccv98 = "Bombay, India" }
@string{ address_iccv99 = "Corfu, Greece" }
@string{ address_iccv01 = "Vancouver, BC" }
@string{ address_iccv03 = "Nice, France" }
@string{ address_iccv05 = "Beijing, China" }
@string{ address_iccv07 = "Rio de Janeiro, Brazil" }
@string{ address_iccv09 = "Kyoto, Japan" }

@string{ month_iccv87 = jun }
@string{ month_iccv88 = dec }
@string{ month_iccv90 = dec }
@string{ month_iccv93 = may }
@string{ month_iccv95 = jun }
@string{ month_iccv98 = jan }
@string{ month_iccv99 = sep }
@string{ month_iccv01 = jul }
@string{ month_iccv03 = oct }
@string{ month_iccv05 = oct }
@string{ month_iccv07 = oct }
@string{ month_iccv09 = oct }

%%%%%%%%%%%%%%%%%%%%%%%%%%%%%%%%%%%%%%%%%%%%%%%%%%%%%%%%%%%%%%%%%%%%%%%%%%%%

@string{ booktitle_bmvc = "Proc. British Machine Vision Conf. (BMVC)" }

@string{ address_bmvc90 = "Oxford, UK" }
@string{ address_bmvc91 = "Glasgow, UK" }
@string{ address_bmvc92 = "Leeds, UK" }
@string{ address_bmvc93 = "Surrey, UK" }
@string{ address_bmvc94 = "York, UK" }
@string{ address_bmvc95 = "Birmingham, UK" }
@string{ address_bmvc96 = "Univ. of Edinburgh, UK" }
@string{ address_bmvc97 = "Univ. of Essex, UK" }
@string{ address_bmvc98 = "Univ. of Southampton, UK" }
@string{ address_bmvc99 = "Bath, UK" }
@string{ address_bmvc00 = "Bristol, UK" }
@string{ address_bmvc01 = "Manchester, UK" }
@string{ address_bmvc02 = "University of Cardiff, UK" }
@string{ address_bmvc03 = "Norwich, UK" }
@string{ address_bmvc04 = "Kingston University, UK" }
@string{ address_bmvc05 = "Oxford, UK" }
@string{ address_bmvc06 = "Edinburgh, UK" }
@string{ address_bmvc07 = "University of Warwick, UK" }
@string{ address_bmvc08 = "Leeds, UK" }
@string{ address_bmvc10 = "Aberystwyth, UK"}
@string{ address_bmvc13 = "Bristol, UK" }

@string{ month_bmvc90 = "" }
@string{ month_bmvc91 = sep }
@string{ month_bmvc92 = "" }
@string{ month_bmvc93 = "" }
@string{ month_bmvc94 = sep }
@string{ month_bmvc95 = "" }
@string{ month_bmvc96 = "" }
@string{ month_bmvc97 = "" }
@string{ month_bmvc98 = "" }
@string{ month_bmvc99 = "" }
@string{ month_bmvc00 = "" }
@string{ month_bmvc01 = "" }
@string{ month_bmvc02 = "" }
@string{ month_bmvc03 = "" }
@string{ month_bmvc04 = "" }
@string{ month_bmvc05 = sep }
@string{ month_bmvc06 = sep }
@string{ month_bmvc07 = sep }
@string{ month_bmvc08 = sep }
@string{ month_bmvc10 = sep }
@string{ month_bmvc13 = sep }

%%%%%%%%%%%%%%%%%%%%%%%%%%%%%%%%%%%%%%%%%%%%%%%%%%%%%%%%%%%%%%%%%%%%%%%%%%%%

@string{ booktitle_wacv = "IEEE Workshop Application Computer Vision (WACV)" }

@string{ address_wacv05 = "" }
@string{ address_wacv07 = "" }

@string{ month_wacv05 = jan }
@string{ month_wacv07 = feb }

%%%%%%%%%%%%%%%%%%%%%%%%%%%%%%%%%%%%%%%%%%%%%%%%%%%%%%%%%%%%%%%%%%%%%%%%%%%%

@string{ booktitle_wacvconf = "IEEE Winter Conf. on Applications of Computer Vision (WACV)" }

@string{ address_wacv14 = "Steamboat Springs CO" }

@string{ month_wacv14 = mar }


%%%%%%%%%%%%%%%%%%%%%%%%%%%%%%%%%%%%%%%%%%%%%%%%%%%%%%%%%%%%%%%%%%%%%%%%%%%%

@string{ booktitle_btas = "Proc. IEEE Conf. Biometrics: Theory, Applications, and Systems (BTAS)" }

@string{ address_btas07 = "Washington, DC" }
@string{ address_btas08 = "Washington, DC" }
@string{ address_btas09 = "Washington, DC" }
@string{ address_btas10 = "Washington, DC" }
@string{ address_btas12 = "Washington, DC" }

@string{ month_btas07 = sep }
@string{ month_btas08 = sep }
@string{ month_btas09 = sep }
@string{ month_btas10 = sep }
@string{ month_btas12 = sep }

%%%%%%%%%%%%%%%%%%%%%%%%%%%%%%%%%%%%%%%%%%%%%%%%%%%%%%%%%%%%%%%%%%%%%%%%%%%%

@string{ booktitle_avss = "Proc. IEEE Conf. Advanced Video and Signal Based Surveillance (AVSS)" }

@string{ address_avss03 = "" }
@string{ address_avss05 = "Cerno, Italy" }
@string{ address_avss06 = "" }
@string{ address_avss07 = "London, UK" }
@string{ address_avss08 = "" }

@string{ month_avss03 = jul }
@string{ month_avss03 = sep }
@string{ month_avss06 = nov }
@string{ month_avss07 = sep }
@string{ month_avss08 = sep }

%%%%%%%%%%%%%%%%%%%%%%%%%%%%%%%%%%%%%%%%%%%%%%%%%%%%%%%%%%%%%%%%%%%%%%%%%%%%

@string{ booktitle_accv = "Proc. Asian Conf. Computer Vision (ACCV)" }

@string{ address_accv14 = "Singapore" }
@string{ address_accv07 = "Queenstown, New Zeeland" }
@string{ address_accv07 = "Tokyo, Japan" }
@string{ address_accv03 = "Tokyo, Japan" }

@string{ month_accv14 = nov }
@string{ month_accv10 = nov }
@string{ month_accv07 = nov }
@string{ month_accv03 = "" }

%%%%%%%%%%%%%%%%%%%%%%%%%%%%%%%%%%%%%%%%%%%%%%%%%%%%%%%%%%%%%%%%%%%%%%%%%%%%

@string{ booktitle_bsym = "Proc. Biometrics Symp. (Biometric Consortium Conf. special session)" }

@string{ address_bsym06 = "Baltimore, MD" }
@string{ address_bsym08 = "Tampa, FL" }

@string{ month_bsym06 = sep }
@string{ month_bsym08 = sep }

%%%%%%%%%%%%%%%%%%%%%%%%%%%%%%%%%%%%%%%%%%%%%%%%%%%%%%%%%%%%%%%%%%%%%%%%%%%%

@string{ booktitle_icassp = "Proc. IEEE Int. Conf. Acoustics, Speech and Signal Processing (ICASSP)" }

@string{ address_icassp98 = "Seattle, WA" }
@string{ address_icassp00 = "Istanbul, Turkey" }

@string{ month_icassp98 = may }
@string{ month_icassp00 = jun }

%%%%%%%%%%%%%%%%%%%%%%%%%%%%%%%%%%%%%%%%%%%%%%%%%%%%%%%%%%%%%%%%%%%%%%%%%%%%

@string{ booktitle_icip = "Proc. Int. Conf. Image Processing (ICIP)" }

@string{ address_icip99 = "Kobe, Japan" }
@string{ address_icip00 = "Vancouver, Canada" }
@string{ address_icip02 = "Rochester, New York" }
@string{ address_icip03 = "Barcelona, Catalonia, Spain" }
@string{ address_icip07 = "San Antonio, Texas" }
@string{ address_icip09 = "Cairo, Egypt" }
@string{ address_icip14 = "Paris, France" }

@string{ month_icip99 = "" }
@string{ month_icip00 = sep }
@string{ month_icip02 = "" }
@string{ month_icip03 = "" }
@string{ month_icip07 = "" }
@string{ month_icip09 = nov }
@string{ month_icip14 = oct }

%%%%%%%%%%%%%%%%%%%%%%%%%%%%%%%%%%%%%%%%%%%%%%%%%%%%%%%%%%%%%%%%%%%%%%%%%%%%

@string{ booktitle_icpr = "Proc. Int. Conf. Pattern Recognition (ICPR)"}

@string{ address_icpr14 = "Stockholm, Sweden" }
@string{ address_icpr06 = "Hong Kong, China" }
@string{ address_icpr04 = "Cambridge, United Kingdom" }
@string{ address_icpr02 = "Quebec City, Canada" }
@string{ address_icpr00 = "Barcelona, Spain" }
@string{ address_icpr98 = "Brisbane, Australia" }
@string{ address_icpr96 = "Vienna, Austria" }
@string{ address_icpr94 = "Jerusalem, Israel" }
@string{ address_icpr92 = "The Hague, Netherlands" }
@string{ address_icpr90 = "Atlantic City, NJ" }
@string{ address_icpr88 = "Rome, Italy" }
@string{ address_icpr86 = "Paris, France" }
@string{ address_icpr84 = "Montreal, Canada" }
@string{ address_icpr82 = "Munich, Germany" }
@string{ address_icpr80 = "Miami, FL" }

@string{ month_icpr14 = aug }
@string{ month_icpr06 = "" }
@string{ month_icpr04 = "" }
@string{ month_icpr02 = "" }
@string{ month_icpr00 = "" }
@string{ month_icpr98 = "" }
@string{ month_icpr96 = "" }
@string{ month_icpr94 = "" }
@string{ month_icpr92 = "" }
@string{ month_icpr90 = "" }
@string{ month_icpr88 = "" }
@string{ month_icpr86 = "" }
@string{ month_icpr84 = "" }
@string{ month_icpr82 = "" }
@string{ month_icpr80 = "" }

%%%%%%%%%%%%%%%%%%%%%%%%%%%%%%%%%%%%%%%%%%%%%%%%%%%%%%%%%%%%%%%%%%%%%%%%%%%%

@string{ booktitle_afgr = "Proc. Int. Conf. Automatic Face and Gesture Recognition (FG)"}

@string{ address_afgr11 = "Santa Barbara, CA" }
@string{ address_afgr08 = "Amsterdam, The Netherlands" }
@string{ address_afgr06 = "Southampton, UK" }
@string{ address_afgr04 = "Seoul, Korea" }
@string{ address_afgr02 = "Washington, DC" }
@string{ address_afgr00 = "Grenoble, France" }
@string{ address_afgr98 = "Nara, Japan" }
@string{ address_afgr96 = "Killington, VT"}
@string{ address_afgr95 = "Killington, VT" }

@string{ month_afgr11 = mar }
@string{ month_afgr08 = sep }
@string{ month_afgr06 = "" }
@string{ month_afgr04 = "" }
@string{ month_afgr02 = may }

%%%%%%%%%%%%%%%%%%%%%%%%%%%%%%%%%%%%%%%%%%%%%%%%%%%%%%%%%%%%%%%%%%%%%%%%%%%%

@string{ booktitle_miccai = "Proc. Int. Conf. Medical Image Computing and Computer Assisted Intervention (MICCAI)" }

@string{address_miccai07 = "Brisbane, Australia" }
@string{ address_miccai08 = "New York, NY" }

@string{ month_miccai07 = "" }
@string{ month_miccai08 = "" }

%%%%%%%%%%%%%%%%%%%%%%%%%%%%%%%%%%%%%%%%%%%%%%%%%%%%%%%%%%%%%%%%%%%%%%%%%%%%

@string{ booktitle_ipmi = "Proc. Int. Conf. Information Processing in Medical Imaging (IPMI)" }

@string{ address_ipmi07 = "Kerkrade, The Netherlands" }
@string{ address_ipmi08 = "" }

@string{ month_ipmi07 = jul }
@string{ month_ipmi08 = "" }

%%%%%%%%%%%%%%%%%%%%%%%%%%%%%%%%%%%%%%%%%%%%%%%%%%%%%%%%%%%%%%%%%%%%%%%%%%%%

@string{ booktitle_cvprw = "Proc. IEEE Conf. Computer Vision and Pattern Recognition Workshops (CVPRW)" }

@string{ address_cvprw12 = "Providence, RI"}
@string{ address_cvprw10 = "San Francisco, CA" }
@string{ address_cvprw09 = "Miami, FL" }
@string{ address_cvprw08 = "Anchorage, AK" }
@string{ address_cvprw07 = "Minneapolis, MI" }
@string{ address_cvprw06 = "New York, NY" }
@string{ address_cvprw05 = "San Diego, CA" }

@string{ month_cvprw12 = jun }
@string{ month_cvprw10 = jun }
@string{ month_cvprw09 = jun }
@string{ month_cvprw08 = jun }
@string{ month_cvprw07 = jun }
@string{ month_cvprw06 = jun }
@string{ month_cvprw05 = jun }

%%%%%%%%%%%%%%%%%%%%%%%%%%%%%%%%%%%%%%%%%%%%%%%%%%%%%%%%%%%%%%%%%%%%%%%%%%%%

@string{ booktitle_iccvw = "Proc. IEEE Conf. on Computer Vision Workshops (ICCVW)" }


%%%%%%%%%%%%%%%%%%%%%%%%%%%%%%%%%%%%%%%%%%%%%%%%%%%%%%%%%%%%%%%%%%%%%%%%%%%%

@string{ booktitle_eccvw = "Proc. European Conf. Computer Vision Workshops (ECCVW)"}

%%%%%%%%%%%%%%%%%%%%%%%%%%%%%%%%%%%%%%%%%%%%%%%%%%%%%%%%%%%%%%%%%%%%%%%%%%%%

@string{ booktitle_icml = "Proc. Int. Conf. Machine Learning (ICML)"}

@string{ address_icml11 = "Bellevue, WA" }
@string{ address_icml04 = "" }
@string{ address_icml99 = "" }

@string{ month_icml11 = jun }
@string{ month_icml04 = "" }
@string{ month_icml99 = "" }

%%%%%%%%%%%%%%%%%%%%%%%%%%%%%%%%%%%%%%%%%%%%%%%%%%%%%%%%%%%%%%%%%%%%%%%%%%%%

@string{ booktitle_nips = "Advances in Neural Information Processing Systems (NIPS)"}

@string{ address_nips02 = "Vancouver, Canada" }
@string{ address_nips03 = "Vancouver, Canada" }
@string{ address_nips04 = "Vancouver, Canada" }
@string{ address_nips05 = "Vancouver, Canada" }
@string{ address_nips06 = "Vancouver, Canada" }
@string{ address_nips07 = "Vancouver, Canada" }
@string{ address_nips08 = "Vancouver, Canada" }
@string{ address_nips09 = "Vancouver, Canada" }
@string{ address_nips10 = "Vancouver, Canada" }
@string{ address_nips11 = "Granada, Spain" }

@string{ month_nips02 = dec }
@string{ month_nips03 = dec }
@string{ month_nips04 = dec }
@string{ month_nips05 = dec }
@string{ month_nips06 = dec }
@string{ month_nips07 = dec }
@string{ month_nips08 = dec }
@string{ month_nips09 = dec }
@string{ month_nips10 = dec }
@string{ month_nips11 = dec }

%%%%%%%%%%%%%%%%%%%%%%%%%%%%%%%%%%%%%%%%%%%%%%%%%%%%%%%%%%%%%%%%%%%%%%%%%%%%

@string{ booktitle_ijcb = "Proc. Int. Joint Conf. Biometrics (IJCB)" }

@string{ address_ijcb11 = "Washington, DC" }

@string{ month_ijcb11 = oct }

%%%%%%%%%%%%%%%%%%%%%%%%%%%%%%%%%%%%%%%%%%%%%%%%%%%%%%%%%%%%%%%%%%%%%%	

@string{ booktitle_icb = "Proc. Int. Conf. Biometrics (ICB)" }

@string{ address_icb13 = "Madrid, Spain" }

@string{ month_icb13 = jun }

%%%%%%%%%%%%%%%%%%%%%%%%%%%%%%%%%%%%%%%%%%%%%%%%%%%%%%%%%%%%%%%%%%%%%%

@string{ booktitle_mmua = "Proc. Workshop Multimodal User Authentication (MMUA)" }

@string{ address_mmua03 = "Santa Barbara, CA" }

@string{ month_mmua03 = dec }

%%%%%%%%%%%%%%%%%%%%%%%%%%%%%%%%%%%%%%%%%%%%%%%%%%%%%%%%%%%%%%%%%%%%%%

@string{ booktitle_asiaccs = "Proc. ACM Symp. Information, Computer and Communications Security (ASIACCS)" }

@string{ address_asiaccs11 = "Hong Kong, China" }

@string{ month_asiaccs11 = mar }

%%%%%%%%%%%%%%%%%%%%%%%%%%%%%%%%%%%%%%%%%%%%%%%%%%%%%%%%%%%%%%%%%%%%%%

@string{ booktitle_ccs = "Proc. ACM Conf. Computer and Communications Security (CCS)" }

@string{ address_ccs11 = "Chicago, IL" }
@string{ address_ccs05 = "Alexandria, VA" }

@string{ month_ccs11 = oct }
@string{ month_ccs05 = nov }

%%%%%%%%%%%%%%%%%%%%%%%%%%%%%%%%%%%%%%%%%%%%%%%%%%%%%%%%%%%%%%%%%%%%%%

@string{ booktitle_cra = "Proc. IEEE Int. Conf. Robotics and Automation (ICRA)"}

@string{ address_cra13 = "Karlsruhe, Germany" }

@string{ month_cra13 = may }

%%%%%%%%%%%%%%%%%%%%%%%%%%%%%%%%%%%%%%%%%%%%%%%%%%%%%%%%%%%%%%%%%%%%%%

@string{ booktitle_icmr = "Proc. ACM Int. Conf. Multimedia Retrieval (ICMR)"}

@string{ address_icmr12 = "Hongkong, China" }

@string{ month_icmr12 = jun }

%%%%%%%%%%%%%%%%%%%%%%%%%%%%%%%%%%%%%%%%%%%%%%%%%%%%%%%%%%%%%%%%%%%%%%

@string{ booktitle_3dv = "Int. Conf. 3D Vision (3DV)"}

@string{ address_3dv14 = "Tokyo, Japan" }

@string{ month_3dv14 = dec }


%%%%%%%%%%%%%%%%%%%%%%%%%%%%%%%%%%%%%%%%%%%%%%%%%%%%%%%%%%%%%%%%%%%%%%

@string{ booktitle_hst = "Proc. IEEE Int. Conf. Technologies Homeland Security (HST)"}

@string{ address_hst11 = "Waltham, MA" }

@string{ month_hst11 = nov }

%%%%%%%%%%%%%%%%%%%%%%%%%%%%%%%%%%%%%%%%%%%%%%%%%%%%%%%%%%%%%%%%%%%%%%

@string{ booktitle_aaai = "Proc. of the AAAI Conference on Artificial Intelligence (AAAI)"}

@string{ address_aaai14 = "Québec City, Canada" }

@string{ month_aaai14 = jul }

