%%%%%%%%%%%%%%%%%%%%%%%%%%%%%%%%%%%%%%%%%%%%%%%%%%%%%%%%%%%%%%%%%%%%%%%%%%%%

% BiBTeX Abbreviations - short version

% Note: each abbrev*.bib file should be kept in sync

%%%%%%%%%%%%%%%%%%%%%%%%%%%%%%%%%%%%%%%%%%%%%%%%%%%%%%%%%%%%%%%%%%%%%%%%%%%%

@string{ journal_tissec =   "TISSEC"}
@string{ journal_tog     =   "ACM Trans. Graph."}
@string{ journal_cvgip =    "CVGIP: Image Understanding"}
@string{ journal_ijcc =    "Int. J. Comput. Commun."}
@string{ journal_ijcv =     "IJCV"}
@string{ journal_ijrr =     "Int. J. Robotics Research"}
@string{ journal_ijra =     "IEEE J. of Robotics and Automation"}
@string{ journal_icra96 =   "Proc. IEEE Int Conf. Robotics and Automation, Minneapolis, May 1996"}
@string{ journal_cvgip =    "Computer Vision, Graphics and Image Processing"}
@string{ journal_cviu =     "CVIU"}
@string{ journal_cgip =     "Computer Graphics and Image Processing"}
@string{ journal_grs = "IEEE J. Geoscience Remote Sensing Letters"}
@string{ journal_ivc =      "J. Image and Vision Computing"}
@string{ journal_josa =     "J. Optical Soc. of America A."}
@string{ journal_mitai =    "MIT Artificial Intelligence Laboratory"}
@string{ journal_jai =      "J. Artificial Intelligence"}
@string{ journal_pami =     "IEEE T-PAMI"}
@string{ journal_jshr =     "J. Speech and Hearing Research"}
@string{ journal_t-assp =   "IEEE Trans. Acoustics, Speech, and Signal Processing"}
@string{ journal_t-dsc =    "IEEE Trans. Dependable and Secure Computing"}
@string{ journal_t-ip =     "IEEE T-IP"}
@string{ journal_t-it =     "IEEE Trans. Information Theory"}
@string{ journal_t-nn =     "IEEE Trans. Neural Networks"}
@string{ journal_t-ra =     "IEEE Trans. Robotics and Automation"}
@string{ journal_t-sp =     "IEEE Trans. Signal Process."}
@string{ journal_t-sap =    "IEEE Trans. Speech and Audio Process."}
@string{ journal_ieee-sig = "IEEE Signal Processing Magazine"}
@string{ journal_t-mi =     "IEEE T-MI"}
@string{ journal_t-im =     "IEEE Trans. Instrumentation and Measurement"}
@string{ journal_t-ifs =     "IEEE Trans. Information Forensics and Security"}
@string{ journal_t-csvt =     "IEEE Trans. CSVT"}
@string{ journal_p-ieee =   "Proc. of the IEEE"}
@string{ journal_p-smc-a =  "IEEE T-SMC A, Syst. Humans"}
@string{ journal_p-smc-b =  "IEEE T-SMC B, Cybern."}
@string{ journal_p-smc-c =  "IEEE T-SMC C, Appl. and Rev."}
@string{ journal_mia =      "MIA"}
@string{ journal_mva = "Mach. Vision and Appl."}
@string{ journal_ijig =     "Int. J. of Image and Graphics"}
@string{ journal_ivc =      "Image and Vision Computing"}
@string{ journal_ftcgv =    "Foundations and Trends in Computer Graphics and Vision"}
@string{ journal_jmlr =     "J. of Machine Learning Research"}
@string{ journal_jppr =     "J. of Pattern Recognition Research"}
@string{ journal_pr =       "Pattern Recognition"}
@string{ journal_psyb =     "Psychological Bulletin"}
@string{ journal_ijisp =    "Int. J. of Information Security and Privacy"}

%%%%%%%%%%%%%%%%%%%%%%%%%%%%%%%%%%%%%%%%%%%%%%%%%%%%%%%%%%%%%%%%%%%%%%%%%%%%

@string{ booktitle_cvpr = "CVPR" }

@string{ address_cvpr14 = "" }
@string{ address_cvpr13 = "" }
@string{ address_cvpr12 = "" }
@string{ address_cvpr11 = "" }
@string{ address_cvpr10 = "" }
@string{ address_cvpr09 = "" }
@string{ address_cvpr08 = "" }
@string{ address_cvpr07 = "" }
@string{ address_cvpr06 = "" }
@string{ address_cvpr05 = "" }
@string{ address_cvpr04 = "" }
@string{ address_cvpr03 = "" }
@string{ address_cvpr01 = "" }
@string{ address_cvpr00 = "" }
@string{ address_cvpr99 = "" }
@string{ address_cvpr98 = "" }
@string{ address_cvpr97 = "" }
@string{ address_cvpr96 = "" }
@string{ address_cvpr94 = "" }
@string{ address_cvpr93 = "" }
@string{ address_cvpr92 = "" }
@string{ address_cvpr91 = "" }
@string{ address_cvpr89 = "" }
@string{ address_cvpr88 = "" }
@string{ address_cvpr86 = "" }
@string{ address_cvpr85 = "" }
@string{ address_cvpr83 = "" }

@string{ month_cvpr14 = "" }
@string{ month_cvpr13 = "" }
@string{ month_cvpr12 = "" }
@string{ month_cvpr11 = "" }
@string{ month_cvpr10 = "" }
@string{ month_cvpr09 = "" }
@string{ month_cvpr08 = "" }
@string{ month_cvpr07 = "" }
@string{ month_cvpr06 = "" }
@string{ month_cvpr05 = "" }
@string{ month_cvpr04 = "" }
@string{ month_cvpr03 = "" }
@string{ month_cvpr01 = "" }
@string{ month_cvpr00 = "" }
@string{ month_cvpr99 = "" }
@string{ month_cvpr98 = "" }
@string{ month_cvpr97 = "" }
@string{ month_cvpr96 = "" }
@string{ month_cvpr94 = "" }
@string{ month_cvpr93 = "" }
@string{ month_cvpr92 = "" }
@string{ month_cvpr91 = "" }
@string{ month_cvpr89 = "" }
@string{ month_cvpr88 = "" }
@string{ month_cvpr86 = "" }
@string{ month_cvpr85 = "" }
@string{ month_cvpr83 = "" }

%%%%%%%%%%%%%%%%%%%%%%%%%%%%%%%%%%%%%%%%%%%%%%%%%%%%%%%%%%%%%%%%%%%%%%%%%%%%

@string{ booktitle_eccv = "ECCV" }

@string{ address_eccv90 = "" }
@string{ address_eccv92 = "" }
@string{ address_eccv94 = "" }
@string{ address_eccv96 = "" }
@string{ address_eccv98 = "" }
@string{ address_eccv00 = "" }
@string{ address_eccv02 = "" }
@string{ address_eccv04 = "" }
@string{ address_eccv06 = "" }
@string{ address_eccv08 = "" }
@string{ address_eccv10 = "" }

@string{ month_eccv90 = "" }
@string{ month_eccv92 = "" }
@string{ month_eccv94 = "" }
@string{ month_eccv96 = "" }
@string{ month_eccv98 = "" }
@string{ month_eccv00 = "" }
@string{ month_eccv02 = "" }
@string{ month_eccv04 = "" }
@string{ month_eccv06 = "" }
@string{ month_eccv08 = "" }
@string{ month_eccv10 = "" }

%%%%%%%%%%%%%%%%%%%%%%%%%%%%%%%%%%%%%%%%%%%%%%%%%%%%%%%%%%%%%%%%%%%%%%%%%%%%

@string{ booktitle_iccv = "ICCV" }
@string{ booktitle_iccvw = "ICCVW" }

@string{ address_iccv87 = "" }
@string{ address_iccv88 = "" }
@string{ address_iccv90 = "" }
@string{ address_iccv93 = "" }
@string{ address_iccv95 = "" }
@string{ address_iccv98 = "" }
@string{ address_iccv99 = "" }
@string{ address_iccv01 = "" }
@string{ address_iccv03 = "" }
@string{ address_iccv05 = "" }
@string{ address_iccv07 = "" }
@string{ address_iccv09 = "" }
@string{ address_iccv11 = "" }
@string{ address_iccv13 = "" }

@string{ month_iccv87 = "" }
@string{ month_iccv88 = "" }
@string{ month_iccv90 = "" }
@string{ month_iccv93 = "" }
@string{ month_iccv95 = "" }
@string{ month_iccv98 = "" }
@string{ month_iccv99 = "" }
@string{ month_iccv01 = "" }
@string{ month_iccv03 = "" }
@string{ month_iccv05 = "" }
@string{ month_iccv07 = "" }
@string{ month_iccv09 = "" }
@string{ month_iccv11= "" }
@string{ month_iccv13 = "" }

%%%%%%%%%%%%%%%%%%%%%%%%%%%%%%%%%%%%%%%%%%%%%%%%%%%%%%%%%%%%%%%%%%%%%%%%%%%%

@string{ booktitle_bmvc = "BMVC" }

@string{ address_bmvc90 = "" }
@string{ address_bmvc91 = "" }
@string{ address_bmvc92 = "" }
@string{ address_bmvc93 = "" }
@string{ address_bmvc94 = "" }
@string{ address_bmvc95 = "" }
@string{ address_bmvc96 = "" }
@string{ address_bmvc97 = "" }
@string{ address_bmvc98 = "" }
@string{ address_bmvc99 = "" }
@string{ address_bmvc00 = "" }
@string{ address_bmvc01 = "" }
@string{ address_bmvc02 = "" }
@string{ address_bmvc03 = "" }
@string{ address_bmvc04 = "" }
@string{ address_bmvc05 = "" }
@string{ address_bmvc06 = "" }
@string{ address_bmvc07 = "" }
@string{ address_bmvc08 = "" }
@string{ address_bmvc10 = "" }
@string{ address_bmvc13 = "" }

@string{ month_bmvc90 = "" }
@string{ month_bmvc91 = "" }
@string{ month_bmvc92 = "" }
@string{ month_bmvc93 = "" }
@string{ month_bmvc94 = "" }
@string{ month_bmvc95 = "" }
@string{ month_bmvc96 = "" }
@string{ month_bmvc97 = "" }
@string{ month_bmvc98 = "" }
@string{ month_bmvc99 = "" }
@string{ month_bmvc00 = "" }
@string{ month_bmvc01 = "" }
@string{ month_bmvc02 = "" }
@string{ month_bmvc03 = "" }
@string{ month_bmvc04 = "" }
@string{ month_bmvc05 = "" }
@string{ month_bmvc06 = "" }
@string{ month_bmvc07 = "" }
@string{ month_bmvc08 = "" }
@string{ month_bmvc10 = "" }
@string{ month_bmvc13 = "" }

%%%%%%%%%%%%%%%%%%%%%%%%%%%%%%%%%%%%%%%%%%%%%%%%%%%%%%%%%%%%%%%%%%%%%%%%%%%%

@string{ booktitle_wacv = "WACV" }

@string{ address_wacv05 = "" }
@string{ address_wacv07 = "" }

@string{ month_wacv05 = "" }
@string{ month_wacv07 = "" }

%%%%%%%%%%%%%%%%%%%%%%%%%%%%%%%%%%%%%%%%%%%%%%%%%%%%%%%%%%%%%%%%%%%%%%%%%%%%

@string{ booktitle_wacvconf = "WACV" }

@string{ address_wacv14 = "" }

@string{ month_wacv14 = "" }


%%%%%%%%%%%%%%%%%%%%%%%%%%%%%%%%%%%%%%%%%%%%%%%%%%%%%%%%%%%%%%%%%%%%%%%%%%%%

@string{ booktitle_btas = "BTAS" }

@string{ address_btas07 = "" }
@string{ address_btas08 = "" }
@string{ address_btas09 = "" }
@string{ address_btas10 = "" }
@string{ address_btas12 = "" }

@string{ month_btas07 = "" }
@string{ month_btas08 = "" }
@string{ month_btas09 = "" }
@string{ month_btas10 = "" }
@string{ month_btas12 = "" }

%%%%%%%%%%%%%%%%%%%%%%%%%%%%%%%%%%%%%%%%%%%%%%%%%%%%%%%%%%%%%%%%%%%%%%%%%%%%

@string{ booktitle_avss = "AVSS" }

@string{ address_avss03 = "" }
@string{ address_avss05 = "" }
@string{ address_avss06 = "" }
@string{ address_avss07 = "" }
@string{ address_avss08 = "" }

@string{ month_avss03 = "" }
@string{ month_avss05 = "" }
@string{ month_avss06 = "" }
@string{ month_avss07 = "" }
@string{ month_avss08 = "" }

%%%%%%%%%%%%%%%%%%%%%%%%%%%%%%%%%%%%%%%%%%%%%%%%%%%%%%%%%%%%%%%%%%%%%%%%%%%%

@string{ booktitle_accv = "ACCV" }

@string{ address_accv14 = "" }
@string{ address_accv10 = "" }
@string{ address_accv07 = "" }
@string{ address_accv03 = "" }

@string{ month_accv14 = "" }
@string{ month_accv10 = "" }
@string{ month_accv07 = "" }
@string{ month_accv03 = "" }

%%%%%%%%%%%%%%%%%%%%%%%%%%%%%%%%%%%%%%%%%%%%%%%%%%%%%%%%%%%%%%%%%%%%%%%%%%%%

@string{ booktitle_bsym = "Proc. Biometrics Symposium" }

@string{ address_bsym06 = "" }
@string{ address_bsym08 = "" }

@string{ month_bsym06 = "" }
@string{ month_bsym08 = "" }

%%%%%%%%%%%%%%%%%%%%%%%%%%%%%%%%%%%%%%%%%%%%%%%%%%%%%%%%%%%%%%%%%%%%%%%%%%%%

@string{ booktitle_icassp = "ICASSP" }

@string{ address_icassp98 = "" }
@string{ address_icassp00 = "" }

@string{ month_icassp98 = "" }
@string{ month_icassp00 = "" }

%%%%%%%%%%%%%%%%%%%%%%%%%%%%%%%%%%%%%%%%%%%%%%%%%%%%%%%%%%%%%%%%%%%%%%%%%%%%

@string{ booktitle_icip = "ICIP" }

@string{ address_icip99 = "" }
@string{ address_icip00 = "" }
@string{ address_icip02 = "" }
@string{ address_icip03 = "" }
@string{ address_icip07 = "" }
@string{ address_icip09 = "" }

@string{ month_icip99 = "" }
@string{ month_icip00 = "" }
@string{ month_icip02 = "" }
@string{ month_icip03 = "" }
@string{ month_icip07 = "" }
@string{ month_icip09 = "" }

%%%%%%%%%%%%%%%%%%%%%%%%%%%%%%%%%%%%%%%%%%%%%%%%%%%%%%%%%%%%%%%%%%%%%%%%%%%%

@string{ booktitle_icpr = "ICPR" }

@string{ address_icpr06 = "" }
@string{ address_icpr04 = "" }
@string{ address_icpr02 = "" }
@string{ address_icpr00 = "" }
@string{ address_icpr98 = "" }
@string{ address_icpr96 = "" }
@string{ address_icpr94 = "" }
@string{ address_icpr92 = "" }
@string{ address_icpr90 = "" }
@string{ address_icpr88 = "" }
@string{ address_icpr86 = "" }
@string{ address_icpr84 = "" }
@string{ address_icpr82 = "" }
@string{ address_icpr80 = "" }

@string{ month_icpr06 = "" }
@string{ month_icpr04 = "" }
@string{ month_icpr02 = "" }
@string{ month_icpr00 = "" }
@string{ month_icpr98 = "" }
@string{ month_icpr96 = "" }
@string{ month_icpr94 = "" }
@string{ month_icpr92 = "" }
@string{ month_icpr90 = "" }
@string{ month_icpr88 = "" }
@string{ month_icpr86 = "" }
@string{ month_icpr84 = "" }
@string{ month_icpr82 = "" }
@string{ month_icpr80 = "" }

%%%%%%%%%%%%%%%%%%%%%%%%%%%%%%%%%%%%%%%%%%%%%%%%%%%%%%%%%%%%%%%%%%%%%%%%%%%%

@string{ booktitle_afgr = "FG"}

@string{ address_afgr11 = "" }
@string{ address_afgr08 = "" }
@string{ address_afgr06 = "" }
@string{ address_afgr04 = "" }
@string{ address_afgr02 = "" }
@string{ address_afgr00 = "" }
@string{ address_afgr98 = "" }
@string{ address_afgr96 = ""}
@string{ address_afgr95 = "" }

@string{ month_afgr11 = "" }
@string{ month_afgr08 = "" }
@string{ month_afgr06 = "" }
@string{ month_afgr04 = "" }
@string{ month_afgr02 = "" }

%%%%%%%%%%%%%%%%%%%%%%%%%%%%%%%%%%%%%%%%%%%%%%%%%%%%%%%%%%%%%%%%%%%%%%%%%%%%

@string{ booktitle_miccai = "MICCAI" }

@string{ address_miccai07 = "" }
@string{ address_miccai08 = "" }

@string{ month_miccai07 = "" }
@string{ month_miccai08 = "" }

%%%%%%%%%%%%%%%%%%%%%%%%%%%%%%%%%%%%%%%%%%%%%%%%%%%%%%%%%%%%%%%%%%%%%%%%%%%%

@string{ booktitle_ipmi = "IPMI" }

@string{ address_ipmi07 = "" }
@string{ address_ipmi08 = "" }

@string{ month_ipmi07 = "" }
@string{ month_ipmi08 = "" }

%%%%%%%%%%%%%%%%%%%%%%%%%%%%%%%%%%%%%%%%%%%%%%%%%%%%%%%%%%%%%%%%%%%%%%%%%%%%

@string{ booktitle_cvprw = "CVPRW" }

@string{ address_cvprw10 = "" }
@string{ address_cvprw09 = "" }
@string{ address_cvprw08 = "" }
@string{ address_cvprw07 = "" }
@string{ address_cvprw06 = "" }
@string{ address_cvprw05 = "" }

@string{ month_cvprw10 = "" }
@string{ month_cvprw09 = "" }
@string{ month_cvprw08 = "" }
@string{ month_cvprw07 = "" }
@string{ month_cvprw06 = "" }
@string{ month_cvprw05 = "" }

%%%%%%%%%%%%%%%%%%%%%%%%%%%%%%%%%%%%%%%%%%%%%%%%%%%%%%%%%%%%%%%%%%%%%%%%%%%%

@string{ booktitle_iccvw = "ICCVW"}

%%%%%%%%%%%%%%%%%%%%%%%%%%%%%%%%%%%%%%%%%%%%%%%%%%%%%%%%%%%%%%%%%%%%%%%%%%%%

@string{ booktitle_eccvw = "ECCVW"}

%%%%%%%%%%%%%%%%%%%%%%%%%%%%%%%%%%%%%%%%%%%%%%%%%%%%%%%%%%%%%%%%%%%%%%%%%%%%

@string{ booktitle_icml = "ICML" }

@string{ address_icml11 = "" }
@string{ address_icml04 = "" }
@string{ address_icml99 = "" }

@string{ month_icml11 = "" }
@string{ month_icml04 = "" }
@string{ month_icml99 = "" }

%%%%%%%%%%%%%%%%%%%%%%%%%%%%%%%%%%%%%%%%%%%%%%%%%%%%%%%%%%%%%%%%%%%%%%%%%%%%

@string{ booktitle_nips = "NIPS" }

@string{ address_nips02 = "" }
@string{ address_nips03 = "" }
@string{ address_nips04 = "" }
@string{ address_nips05 = "" }
@string{ address_nips06 = "" }
@string{ address_nips07 = "" }
@string{ address_nips08 = "" }
@string{ address_nips09 = "" }
@string{ address_nips10 = "" }
@string{ address_nips11 = "" }

@string{ month_nips02 = "" }
@string{ month_nips03 = "" }
@string{ month_nips04 = "" }
@string{ month_nips05 = "" }
@string{ month_nips06 = "" }
@string{ month_nips07 = "" }
@string{ month_nips08 = "" }
@string{ month_nips09 = "" }
@string{ month_nips10 = "" }
@string{ month_nips11 = "" }

%%%%%%%%%%%%%%%%%%%%%%%%%%%%%%%%%%%%%%%%%%%%%%%%%%%%%%%%%%%%%%%%%%%%%%	

@string{ booktitle_ijcb = "ICJB" }

@string{ address_ijcb11 = "" }

@string{ month_ijcb11 = "" }

%%%%%%%%%%%%%%%%%%%%%%%%%%%%%%%%%%%%%%%%%%%%%%%%%%%%%%%%%%%%%%%%%%%%%%	

@string{ booktitle_icb = "ICB" }

@string{ address_icb13 = "" }

@string{ month_icb13 = "" }

%%%%%%%%%%%%%%%%%%%%%%%%%%%%%%%%%%%%%%%%%%%%%%%%%%%%%%%%%%%%%%%%%%%%%%

@string{ booktitle_mmua = "Proc. Workshop Multimodal User Authentication" }

@string{ address_mmua03 = "" }

@string{ month_mmua03 = "" }

%%%%%%%%%%%%%%%%%%%%%%%%%%%%%%%%%%%%%%%%%%%%%%%%%%%%%%%%%%%%%%%%%%%%%%

@string{ booktitle_asiaccs = "ASIACCS" }

@string{ address_asiaccs11 = "" }

@string{ month_asiaccs11 = "" }

%%%%%%%%%%%%%%%%%%%%%%%%%%%%%%%%%%%%%%%%%%%%%%%%%%%%%%%%%%%%%%%%%%%%%%

@string{ booktitle_ccs = "CCS" }

@string{ address_ccs11 = "" }

@string{ month_ccs11 = "" }

%%%%%%%%%%%%%%%%%%%%%%%%%%%%%%%%%%%%%%%%%%%%%%%%%%%%%%%%%%%%%%%%%%%%%%

@string{ booktitle_cra = "ICRA"}

@string{ address_cra13 = "" }

@string{ month_cra13 = "" }

%%%%%%%%%%%%%%%%%%%%%%%%%%%%%%%%%%%%%%%%%%%%%%%%%%%%%%%%%%%%%%%%%%%%%%

@string{ booktitle_icmr = "ICMR"}

@string{ address_icmr12 = "" }

@string{ month_icmr12 = "" }

%%%%%%%%%%%%%%%%%%%%%%%%%%%%%%%%%%%%%%%%%%%%%%%%%%%%%%%%%%%%%%%%%%%%%%

@string{ booktitle_3dv = "3DV"}

@string{ address_3dv14 = "" }

@string{ month_3dv14 = "" }

%%%%%%%%%%%%%%%%%%%%%%%%%%%%%%%%%%%%%%%%%%%%%%%%%%%%%%%%%%%%%%%%%%%%%%

@string{ booktitle_hst = "HST"}

@string{ address_hst11 = "" }

@string{ month_hst11 = "" }

%%%%%%%%%%%%%%%%%%%%%%%%%%%%%%%%%%%%%%%%%%%%%%%%%%%%%%%%%%%%%%%%%%%%%%


@string{ booktitle_aaai = "AAAI"}

@string{ address_aaai14 = "" }

@string{ month_aaai14 = "" }
