@article{Chelle2006219,
title = "Could plant leaves be treated as Lambertian surfaces in dense crop canopies to estimate light absorption? ",
journal = "Ecological Modelling ",
volume = "198",
number = "1",
pages = "219 - 228",
year = "2006",
issn = "0304-3800",
author = "Michael Chelle",
}

@ARTICLE{Zhang2000,
 author={Zhengyou Zhang},
 journal={Pattern Analysis and Machine Intelligence, IEEE Transactions on},
 title={A flexible new technique for camera calibration},
 year={2000},
 month={Nov},
 volume={22},
 number={11},
 pages={1330-1334},
}

@inproceedings{lai2011,
  title={A large-scale hierarchical multi-view rgb-d object dataset},
  author={Lai, Kevin and Bo, Liefeng and Ren, Xiaofeng and Fox, Dieter},
  booktitle={IEEE International Conference on Robotics and Automation (ICRA)},
  pages={1817--1824},
  year={2011}
}

@inproceedings{Silberman2011,
  title={Indoor scene segmentation using a structured light sensor},
  author={Silberman, Nathan and Fergus, Rob},
  booktitle={IEEE International Conference on Computer Vision Workshops (ICCV Workshops)},
  pages={601--608},
  year={2011}
}


@article{Sung2011,
  title={Human Activity Detection from RGBD Images.},
  author={Sung, Jaeyong and Ponce, Colin and Selman, Bart and Saxena, Ashutosh},
  journal   = {CoRR},
  volume={64},
  year={2011}
}

%@article{Sung2011,
%  author    = {Jaeyong Sung, Colin Ponce, Bart Selman , Ashutosh Saxena},
%  title     = {Human Activity Detection from {RGBD} Images},
%  journal   = {CoRR},
%  volume    = {abs/1107.0169},
%  year      = {2011},
%  url       = {http://arxiv.org/abs/1107.0169},
%  timestamp = {Mon, 05 Dec 2011 18:05:14 +0100},
%  biburl    = {http://dblp.uni-trier.de/rec/bib/journals/corr/abs-1107-0169},
%  bibsource = {dblp computer science bibliography, http://dblp.org}
%}


@inproceedings{Barbosa:reid12,
  title={Re-identification with rgb-d sensors},
  author={Barbosa, Igor Barros and Cristani, Marco and Del Bue, Alessio and Bazzani, Loris and Murino, Vittorio},
  booktitle={First International Workshop on Re-Identification},
  pages={433--442},
  year={2012},
}

%@inproceedings{Barbosa:reid12,
%  author = {Barbosa, B. I. and Cristani, M. and Del Bue, A. and Bazzani, L. and Murino, V.},
%  title = {Re-identification with RGB-D sensors},
%  booktitle = {First International Workshop on Re-Identification},
%  year = {2012},
%  month = {October}
%}


@InProceedings{sturm12iros,
	author={Sturm, J{\"u}rgen and Engelhard, Nikolas and Endres, Felix and Burgard, Wolfram and Cremers, Daniel},
	title = "A Benchmark for the Evaluation of RGB-D SLAM Systems",
	booktitle = "Proceedings of the International Conference on Intelligent Robot Systems (IROS)",
	year = "2012",
    pages={573--580},
}



@article{doos2002population,
  title={Population growth and loss of arable land},
  author={D{\"o}{\"o}s, Bo R},
  journal={Global Environmental Change},
  volume={12},
  number={4},
  pages={303--311},
  year={2002},
  publisher={Elsevier}
}

@article{houle2010phenomics,
  title={Phenomics: the next challenge},
  author={Houle, D and Govindaraju, DR and Omholt, S},
  Journal={Nature Review Genetics},
  volume={11},
  number={12},
  pages={855--866},
  year={2010}
}

@article{walter2015plant,
  title={Plant phenotyping: from bean weighing to image analysis},
  author={Walter, Achim and Liebisch, Frank and Hund, Andreas},
  journal={Plant methods},
  volume={11},
  number={1},
  pages={14},
  year={2015},
  publisher={BioMed Central Ltd}
}

@article{Erblichkeit1903,
  title={Populationen und reinen Linien},
  author={Johannsen W. Erblichkeit},
  journal={Gustav Fischer Verlag},
  year={1903}
}

@article{cruz2015depi,
    title = {Dynamic Environmental Photosynthetic Imaging (DEPI) Reveals Emergent Phenotypes Related to the Environmental Responses of Photosynthesis},
    author = {Cruz, JA and Savage, LJ and Zegarac, R and Kovac, W and Hall, C and Chen, J and Kramer, DM},
    year = {2015},
    journal = {Nature Biotechnology},
    volume = {in revision}
}

@inproceedings{nguyen2015vietnamese,
  title={Vietnamese sign language reader using Intel Creative Senz3D},
  author={Nguyen, VD and Chew, MT and Demidenko, S},
  booktitle={IEEE International Conference on Automation, Robotics and Applications (ICARA)},
  pages={77--82},
  year={2015}
}

@book{Hansard2013,
  title={Time-of-Flight Cameras: Principles, Methods and Applications},
  author={Miles Hansard and Seungkyu Lee and Ouk Choi and Radu Horaud},
  year={2013},
  publisher={Springer},
  address={New York, NY},
}

@article{Kopf:2007:JBU:1276377.1276497,
 author = {Kopf, Johannes and Cohen, Michael F. and Lischinski, Dani and Uyttendaele, Matt},
 title = {Joint Bilateral Upsampling},
 journal = {ACM Trans. Graph.},
 issue_date = {July 2007},
 volume = {26},
 number = {3},
 month = jul,
 year = {2007},
 issn = {0730-0301},
 articleno = {96},
 url = {http://doi.acm.org.proxy1.cl.msu.edu/10.1145/1276377.1276497},
 doi = {10.1145/1276377.1276497},
 acmid = {1276497},
 publisher = {ACM},
 address = {New York, NY, USA},
 keywords = {bilateral filter, upsampling},
} 



@article{furbank2011phenomics,
  title={Phenomics--technologies to relieve the phenotyping bottleneck},
  author={Furbank, Robert T and Tester, Mark},
  journal={Trends in plant science},
  volume={16},
  number={12},
  pages={635--644},
  year={2011},
  publisher={Elsevier},
}

@ARTICLE{6914600, 
 author={Jaesik Park and Hyeongwoo Kim and Yu-Wing Tai and Brown, M.S. and In So Kweon}, 
 journal={Image Processing, IEEE Transactions on}, 
 title={High-Quality Depth Map Upsampling and Completion for RGB-D Cameras}, 
 year={2014}, 
 month={Dec}, 
 volume={23}, 
 number={12}, 
 pages={5559-5572}, 
 keywords={cameras;image colour analysis;image resolution;RGB-D cameras;device calibration;high-quality depth map completion;high-quality depth map upsampling;low-resolution depth map;noisy depth maps;scene warping;Calibration;Cameras;Image color analysis;Image edge detection;Image resolution;Optimization;Three-dimensional displays;Depth Map Completion;Depth Map Upsampling;Depth map upsampling;RGB-D cameras;depth map completion}, 
 doi={10.1109/TIP.2014.2361034}, 
 ISSN={1057-7149},}
 