%@Preample{{\input{strings.bib}}
%\input{strings.bib}
%
%  Abbreviations for the bibtex file
%

@misc{300Wchallenging,
    note = {\url{http://ibug.doc.ic.ac.uk/resources/300-W/}}
}

@article{YAconti2006acoustical,
  title={Acoustical monitoring of fish density, behavior, and growth rate in a tank},
  author={Conti, St{\'e}phane G and Roux, Philippe and Fauvel, Christian and Maurer, Benjamin D and Demer, David A},
  journal={Aquaculture},
  volume={251},
  number={2},
  pages={314--323},
  year={2006},
  publisher={Elsevier}
}

@misc{ActiveAuthentication,
    note = {\url{http://www.darpa.mil/Our_Work/I2O/Programs/Active_Authentication.aspx}}
}

@article{adler2009towards,
  title={Towards a measure of biometric feature information},
  author={Adler, Andy and Youmaran, Richard and Loyka, Sergey},
  journal={Pattern Analysis and Applications},
  volume={12},
  number={3},
  pages={261--270},
  year={2009},
  publisher={Springer}
}

@inproceedings{agarwal20043d,
  title={3{D} human pose from silhouettes by relevance vector regression},
  author={Agarwal, Ankur and Triggs, Bill},
  booktitle=booktitle_cvpr,
  volume={2},
  pages={II--882},
  year={2004}
}

@inproceedings{Agris2008,
author={von Agris, U. and Knorr, M. and Kraiss, K.-F.},
booktitle=booktitle_afgr,
title={The significance of facial features for automatic sign language recognition},
year={2008},
pages={1 -6}
}

@article{Ahonen2006,
   author = "Timo Ahonen and Abdenour Hadid and Matti Pietikainen",
   title = "Face Description with Local Binary Patterns: Application to Face Recognition",
   journal = journal_pami,
   year = "2006",
   volume = "28",
   number = "12",
   pages = "2037--2041"
}

@article{Ahlberg2002,
        AUTHOR = "Ahlberg, J.",
        TITLE = "An active model for facial feature tracking ",
        journal =  "EURASIP Journal on Applied Signal Processing",
        month =    {June},
        YEAR = "2002",
        volume =     {2002},
        number =      {6},
        PAGES = "566--571"
}

@inproceedings{Aggarwal2006,
  author    = {G. Aggarwal and N. K. Ratha and R. M. Bolle},
  title     = {Biometric Verification: Looking Beyond Raw Similarity Scores},
  booktitle = {IEEE Computer Society Workshop on Biometrics (CVPR)},
  year      = {2006}
}

@article{Afridi2014a,
  title = {Image Segmentation of Mesenchymal Stem Cells in Diverse Culturing Conditions},
  author = {Afridi, Muhammad Jamal and Liu, Chun and Chan, Christina and Baek, Seungik and Liu, Xiaoming},
  booktitle = booktitle_wacvconf,
  address = address_wacv14, 
  month = month_wacv14, 
  year = {2014},
}

@inproceedings{Afridi2014b,
  author    = {Muhammad Jamal Afridi and Xiaoming Liu and J. Mitchell McGrath},
  title     = {An Automated System for Plant-level Disease Rating in Real Fields},
  booktitle = booktitle_icpr,
  address = address_icpr14, 
  month = month_icpr14, 
  year      = {2014}
}



@article{agrawal2011person,
  title={Person de-identification in videos},
  author={Agrawal, Prachi and Narayanan, PJ},
  journal=journal_csvt,
  volume={21},
  number={3},
  pages={299--310},
  year={2011},
  publisher={IEEE}
}

@article{Allison2000,
        AUTHOR = "Allison, T and Puce, A and McCarthy, G",
        TITLE = "Social perception from visual cues: role of the STS region",
        journal =  "Trends in cognitive sciences",
        month =    {July},
        YEAR = "2000",
        volume =     {4},
        number =      {7},
        PAGES = "267--278"
}

@inproceedings{Annangi2010,
        author = {Pavan Annangi and Kajoli Krishnan and Jyotirmoy Banerjee and Madhumita Gupta and Uday Patil},
        title = {Automatic detection and estimation of parietal diameter from fetal ultrasonography},
        booktitle =  {SPIE Medical Imaging},
        year = {2010},
        volume = {7968}
}

@ARTICLE{Arulampalam2002, 
author={Arulampalam, M.S. and Maskell, S. and Gordon, N. and Clapp, T.}, 
journal=journal_t-sp, 
title={A tutorial on particle filters for online nonlinear/non-Gaussian Bayesian tracking}, 
year={2002}, 
month={Feb}, 
volume={50}, 
number={2}, 
pages={174-188}, 
doi={10.1109/78.978374}, 
ISSN={1053-587X},}


@INPROCEEDINGS{Asonov2004, 
	author = {Asonov, D. and Agrawal, R.}, 
	title = {Keyboard acoustic emanations}, 
	booktitle = {Proc. of IEEE Symp. on Security and Privacy}, 
	month = may, 
	year = {2004}, 
	pages = {3--11}
}


@article{Assen2006,
    author = {H. van Assen and M. Danilouchkine and A. Frangi and S. Ordas and J. Westenberg and J. Reiber and B. Lelieveldt},
    title = {{SPASM}: A 3{D-ASM} for Segmentation of Sparse and Arbitrarily Oriented Cardiac {MRI} Data},
    journal = {Medical Image Analysis},
    volume = "10",
    number = "2",
    pages = "286--303",
    year = "2006"
}

@inproceedings{asthana2013robust,
  title={Robust discriminative response map fitting with constrained local models},
  author={Asthana, Akshay and Zafeiriou, Stefanos and Cheng, Shiyang and Pantic, Maja},
  booktitle = booktitle_cvpr,
  pages={3444--3451},
  year={2013},
  organization={IEEE}
}

@inproceedings{Athitsos2004,
  author    = {Vassilis Athitsos and Jonathan Alon and Stan Sclaroff and George Kollios},
  title     = {BoostMap: A Method for Efficient Approximate Similarity Rankings},
  booktitle = booktitle_cvpr,
  year      = {2004},
  pages     = {268--275}
}


@article{Avidan2004,
   author = "S. Avidan",
   title = "Support Vector Tracking",
   journal = journal_pami,
   month = March,
   year = "2004",
   volume = "26",
   number = "8",
   pages = "1064--1072"
}

@article{Avidan2007,
  author    = {Shai Avidan},
  title     = {Ensemble Tracking},
   journal = journal_pami,
   month = February,
   year = "2007",
   volume = "29",
   number = "2",
  pages     = {261--271}
}

@techreport{Baker1999,
author = {Simon Baker and Takeo Kanade},
title = {Super Resolution Optical Flow},
institution = {Robotics Institute, Carnegie Mellon University},
month = {October},
year = {1999},
number = {CMU-RI-TR-99-36},
address = {Pittsburgh, PA},
}

@article{Baker2002,
author = {Simon Baker and Takeo Kanade},
title = {Limits on Super-Resolution and How to Break Them},
journal = journal_pami,
year = 2002,
volume = {24},
number = {9},
pages = {1167--1183},
month = {September},
}

@techreport{Baker2003,
   author = "S. Baker and R. Gross and I. Matthews",
   title = "Lucas-{K}anade 20 Years On: A Unifying Framework: Part 3",
   institution = "Robotics Institute, Carnegie Mellon University",
   month = "November",
   year = "2003",
   number = "CMU-RI-TR-03-35",
   address = "Pittsburgh, PA"
}

@article{Baker2004,
   author = {S. Baker and I. Matthews},
   title = {Lucas-{K}anade 20 Years On: A Unifying Framework},
   journal = journal_ijcv,
   month = mar,
   year = {2004},
   volume = {56},
   number = {3},
   pages = {221--255},
}

@article{Baker2004b,
   author = "S. Baker and I. Matthews and J. Schneider",
   title = "Automatic Construction of Active Appearance Models as an Image Coding Problem",
   journal = journal_pami,
   month = "October",
   year = "2004",
   volume = "26",
   number = "10",
   pages = "1380--1384"
}

@inproceedings{Balci2007,
  author = {Serdar Balci and Polina Golland and Martha Shenton and William Wells},
  title = {Free-Form {B}-spline Deformation Model for Groupwise Registration},
  booktitle = BOOKTITLE_MICCAI,
  year      = {2007},
  pages     = {23--30}
}

@BOOK{Ballistic2008,
	author		= {National Research Council},
	title		= {Ballistic Imaging},
	isbn		= {978-0-309-11724-1},
	year		= {2008},
	publisher	= {The National Academies Press},
	address		= {Washington, DC},
}

@inproceedings{Banerjee2010,
  author = {Jyotirmoy Banerjee and Kajoli B. Krishnan},
  title = {Model-Based Detection of Acoustically Dense Objects in Ultrasound},
  booktitle = booktitle_icpr,
  year      = {2010},
  pages     = {4166--4169}
}


@article{Banerjee2012,
	author = {Banerjee, Salil Partha and Woodard, Damon},
	title = {Biometric Authentication and Identification Using Keystroke Dynamics: A Survey},
	journal = journal_jppr,
	volume = {7},
	number = {1},
	year = {2012},
	pages = {116--139},
}

@techreport{barrow1977parametric,
  title={Parametric correspondence and {C}hamfer matching: Two new techniques for image matching},
  author={Barrow, Harry G. and Tenenbaum, Jay M. and Bolles, Robert C. and Wolf, Helen C.},
  year={1977},
  institution={DTIC Document}
}

@article{Batur2005,
        AUTHOR = "Batur, A.U. and Hayes, III, M.H.",
        TITLE = "Adaptive Active Appearance Models",
        JOURNAL = t-ip,
        VOLUME = "14",
        YEAR = "2005",
        NUMBER = "11",
        MONTH = November,
        PAGES = "1707--1721"
}

@article{bedagkar2012part,
  title={Part-based spatio-temporal model for multi-person re-identification},
  author={Bedagkar-Gala, Apurva and Shah, Shishir K},
  journal=journal_prl,
  volume={33},
  number={14},
  pages={1908--1915},
  year={2012},
  publisher={Elsevier}
}

@article{Beichel2005,
        AUTHOR = "R. Beichel and H. Bischof and F. Leberl and M. Sonka",
        TITLE = "Robust Active Appearance Models and Their Application to Medical Image Analysis",
        JOURNAL = journal_t-mi,
        VOLUME = "24",
        YEAR = "2005",
        NUMBER = "9",
        MONTH = "September",
        PAGES = "1151--1169"
}

@article{belcher2008selective,
  title={A selective feature information approach for iris image-quality measure},
  author={Belcher, Craig and Du, Yingzi},
  journal=journal_t-ifs,
  volume={3},
  number={3},
  pages={572--577},
  year={2008},
  publisher={IEEE}
}

@inproceedings{Berg2005,
    author = {Alexander C. Berg and Tamara L. Berg and Jitendra Malik},
    title = {Shape Matching and Object Recognition using Low Distortion Correspondence },
    booktitle = booktitle_cvpr,
    volume = {1},
    pages ={26--33},
    year = 2005
}

@article{Belhumeur1997,
author = {P.N. Belhumeur and J.P. Hespanha and D.J. Kriegman},
title = {Eiegnfaces vs. {F}isherfaces: Recognition Using Class Specific Linear Projection},
journal = journal_pami,
volume = 19,
number = 7,
pages = {711--720},
year = 1997
}

@inproceedings{belhumeur2011localizing,
  title={Localizing parts of faces using a consensus of exemplars},
  author={Belhumeur, Peter N and Jacobs, David W and Kriegman, D and Kumar, Neeraj},
  booktitle=booktitle_cvpr,
  pages={545--552},
  year={2011},
  organization={IEEE}
}

@article{belongie2002,
 author = {Belongie, S. and Malik, J. and Puzicha, J.},
 title = {Shape Matching and Object Recognition Using Shape Contexts},
 journal = journal_pami,
 issue_date = {April 2002},
 volume = {24},
 number = {4},
 month = apr,
 year = {2002},
 pages = {509--522},
 numpages = {14},
 issn = {0162-8828},
} 

@article{Bergadano2002,
 author = {Bergadano, Francesco and Gunetti, Daniele and Picardi, Claudia},
 title = {User authentication through keystroke dynamics},
 journal = {ACM Trans. on Information and System Security},
 issue_date = {November 2002},
 volume = {5},
 number = {4},
 month = nov,
 year = {2002},
 pages = {367--397}
} 

@article{bettadapura2012face,
  title={Face expression recognition and analysis: the state of the art},
  author={Bettadapura, Vinay},
  journal={arXiv preprint arXiv:1203.6722},
  year={2012}
}

@incollection{bhatnagar2007some,
  title={On some performance indices for biometric identification system},
  author={Bhatnagar, Jay and Kumar, Ajay},
  booktitle={Advances in Biometrics},
  pages={1043--1056},
  year={2007},
  publisher={Springer}
}

@article{biedermann2006probabilistic,
  title={A probabilistic approach to the joint evaluation of firearm evidence and gunshot residues},
  author={Biedermann, A and Taroni, F},
  journal={Forensic science international},
  volume={163},
  number={1},
  pages={18--33},
  year={2006},
  publisher={Elsevier}
}

@book{Bishop2006,
   author = {Christopher Bishop},
   title = "Pattern Recognition and Machine Learning",
   series = "Information Science and Statistics",
   year = "2006",
   publisher = {Springer Verlag}
}

@article{Black1998,
        AUTHOR = "Black, M.J. and Jepson, A.D.",
        TITLE = "EigenTracking: Robust Matching and Tracking of Articulated Objects
Using a View-Based Representation",
        JOURNAL = journal_ijcv,
        VOLUME = "26",
        YEAR = "1998",
        NUMBER = "1",
        MONTH = January,
        PAGES = "63--84"
}

@manual{Blackburn2001,
author = {D. M. Blackburn and J. M. Bone and P. J. Phillips},
title = {FRVT 2000 Evaluation Report},
month = {February},
year = {2001},
}

@article{Blanz2003,
author = {V. Blanz and T. Vetter},
title = {Face Recognition Based on Fitting a 3{D} Morphable Model},
journal = journal_pami,
volume = 25,
number = 9,
pages = {1063--1074},
year = 2003
}

@InProceedings{blanz-1999,
  author =       {Volker Blanz and Thomas Vetter},
  title =        {A morphable model for the synthesis of 3{D} faces},
  booktitle =    {Computer Graphics Proceeding, Annual Conference
                  Series},
  pages =        {187 -- 194},
  year =         1999,
  address =      {New York},
  publisher =    {ACM SIGGRAPH}
}

@article{blanz2003face,
  title={Face recognition based on fitting a 3D morphable model},
  author={Blanz, Volker and Vetter, Thomas},
  journal=journal_pami,
  volume={25},
  number={9},
  pages={1063--1074},
  year={2003},
  publisher={IEEE}
}

@article{Blezek2008,
author = {Daniel J. Blezek and James V. Miller},
title = {Atlas stratification},
journal = {Medical Image Analysis},
volume = 11,
number = 5,
pages = {443--457},
year = 2007
}


@techreport{BJUT2005,
title = {The {BJUT-3D} Large-Scale Chinese Face Database},
month = {August},
year = {2005},
number = {MISKL-TR-05-FMFR-001},
institution = {Multimedia and Intelligent Software Technology Beijing Municipal Key Laboratory, Beijing University of Technology},
address = {Beijing, P.R.China},
}

@Article{bookstein-1989,
  author =       {F Bookstein},
  title =        {Principle Warps: Thin plate splines and the
                  decomposition of deformations},
  journal =      journal_pami,
  year =         1989,
  volume =       11,
  pages =        {567--585}
}

@article{borgefors1988hierarchical,
  title={Hierarchical chamfer matching: A parametric edge matching algorithm},
  author={Borgefors, Gunilla},
  journal=journal_pami,
  volume={10},
  number={6},
  pages={849--865},
  year={1988},
  publisher={IEEE}
}

@PhdThesis{BormanPhD2004,
author = {Sean Borman},
title = {Topics in Multiframe Superresolution Restoration},
school = {University of Notre Dame},
year = {2004},
address = {Notre Dame, IN},
month = {May},
}


@article{Bosch2002,
  author    = {Johan G. Bosch and
               Steven C. Mitchell and
               Boudewijn P. F. Lelieveldt and
               Francisca Nijland and
               Otto Kamp and
               Milan Sonka and
               Johan H. C. Reiber},
  title     = {Automatic Segmentation of Echocardiographic Sequences by
               Active Appearance Motion Models},
  journal   = t-mi,
  volume    = {21},
  number    = {11},
  year      = {2002},
  pages     = {1374--1383}
}

@article{bradley2013image,
  title={Image-based reconstruction and synthesis of dense foliage},
  author={Bradley, Derek and Nowrouzezahrai, Derek and Beardsley, Paul},
  journal=journal_tog,
  volume={32},
  number={4},
  pages={74},
  year={2013},
  publisher={ACM}
}

@inproceedings{bregler1998tracking,
  title={Tracking people with twists and exponential maps},
  author={Bregler, Christoph and Malik, Jitendra},
  booktitle=booktitle_cvpr,
  pages={8--15},
  year={1998}
}


@INPROCEEDINGS{Breuer2008,
author={Breuer, P. and Kwang-In Kim and Kienzle, W. and Scholkopf, B. and Blanz, V.},
title={Automatic 3{D} face reconstruction from single images or video},
booktitle=booktitle_afgr,
year={2008}
}


@article{Bruce1987,
 author = {V. Bruce and T. Valentine and AD Baddeley},
 title = {The basis of the 3/4 view advantage in face recognition},
 journal = {Applied Cognitive Psychology},
 volume = 1,
 pages = {109--120},
 year = 1987
 }

@misc{bullastics,
    note = {\url{http://www.ultra-forensictechnology.com}}
}

@article{Butakoff2006,
        AUTHOR = "C. Butakoff and A. Frangi",
        TITLE = "A Framework for Weighted Fusion of Multiple Statistical Models of Shape and Appearance",
        JOURNAL = JOURNAL_PAMI,
        VOLUME = "28",
        YEAR = "2006",
        NUMBER = "11",
        MONTH = "November",
        PAGES = "1847--1857"
}

@inproceedings{burgos2013robust,
  title={Robust face landmark estimation under occlusion},
  author={Burgos-Artizzu, Xavier P and Perona, Pietro and Doll{\'a}r, Piotr},
  booktitle=booktitle_iccv,
  pages={1513--1520},
  year={2013},
  organization={IEEE}
}

@article{cao2014face,
  title={Face alignment by explicit shape regression},
  author={Cao, Xudong and Wei, Yichen and Wen, Fang and Sun, Jian},
  journal=journal_ijcv,
  volume={107},
  number={2},
  pages={177--190},
  year={2014},
  publisher={Springer}
}

@article{Capel2003,
 author = {D. Capel and A. Zisserman},
 title = {Computer vision applied to super resolution},
 journal = ieee-sig,
 volume = 20,
 number = 3,
 pages = {75--86},
 month = {May},
 year = 2003
 }

@misc{CAVIAR,
    note = {\url{http://homepages.inf.ed.ac.uk/rbf/CAVIAR/}}
}

@inproceedings {Cehovin2014a,
Author = {Luka \v{C}ehovin and Matej Kristan and Ale\v{s} Leonardis},
Title = {Is my new tracker really better than yours?},
Booktitle = booktitle_wacvconf,
Year = 2014}
}

@article{cceliktutan2013comparative,
  title={A comparative study of face landmarking techniques},
  author={{\c{C}}eliktutan, Oya and Ulukaya, Sezer and Sankur, B{\"u}lent},
  journal={EURASIP Journal on Image and Video Processing},
  volume={2013},
  number={1},
  pages={13},
  year={2013},
  publisher={Springer}
}

@techreport{CENELEC2002,
	author = {{European Committee for Electrotechnical Standardization (CENELEC)}},
	title = {European Standard Alarm systems. Access control systems for use in security applications. Part 1: System requirements},
	number = {{EN} 50133-1},
	institution = {},
	year = {2002},
}
%Technical Body CLC/TC 79

@incollection{cerutti2011parametric,
  title={A parametric active polygon for leaf segmentation and shape estimation},
  author={Cerutti, Guillaume and Tougne, Laure and Vacavant, Antoine and Coquin, Didier},
  booktitle={Advances in Visual Computing},
  pages={202--213},
  year={2011},
  publisher={Springer}
}

@article{cerutti2013understanding,
  title={Understanding leaves in natural images--A model-based approach for tree species identification},
  author={Cerutti, Guillaume and Tougne, Laure and Mille, Julien and Vacavant, Antoine and Coquin, Didier},
  journal=journal_cviu,
  volume={117},
  number={10},
  pages={1482--1501},
  year={2013},
  publisher={Elsevier}
}

@inproceedings{cerutti2013model,
  title={A model-based approach for compound leaves understanding and identification},
  author={Cerutti, Guillaume and Tougne, Laure and Mille, Julien and Vacavant, Antoine and Coquin, Didier and others},
  booktitle=booktitle_icip,
  pages={1471--1475},
  year={2013}
}


@inproceedings{Chang2003,
    author = {K. Chang and K. Bowyer and P. Flynn},
    title = {Face Recognition Using 2{D} and 3{D} Facial Data},
    booktitle = {Proc. ACM Workshop on Multimodal User Authentication},
    pages = {25--32},
    year = {2003},
    publisher = {ACM},
}
 % month = {December},


@article{Chai2013,
 author = {Chai, Menglei and Wang, Lvdi and Weng, Yanlin and Jin, Xiaogang and Zhou, Kun},
 title = {Dynamic hair manipulation in images and videos},
 journal = journal_tog,
 volume = {32},
 number = {4},
 month = jul,
 year = {2013},
 pages = {75:1--75:8}
} 

@article{chai2007locally,
  title={Locally linear regression for pose-invariant face recognition},
  author={Chai, Xiujuan and Shan, Shiguang and Chen, Xilin and Gao, Wen},
  journal=journal_t-ip,
  volume={16},
  number={7},
  pages={1716--1725},
  year={2007},
  publisher={IEEE}
}


@article{Charles2010,
author = {Tappert, Charles C. and Sung-Hyuk Cha and Mary Villani and Robert S. Zack},
title = {A Keystroke Biometric Systemfor Long-Text Input},
journal = {Int. J. of Information Security and Privacy (IJISP)},
volume = {4},
number = {1},
pages = {32--60},
year = {2010}
}


@article{Chang05,
author = {Chang, K. I. and K. W. Bowyer and P. J. Flynn},
title = {An evaluation of multi-modal {2D+3D} face biometrics},
journal = journal_pami,
volume = {27},
number = {4},
pages = {619--624},
year = {2005}
}
%month = {April},

@article{Chen2001,
title = "Why recognition in a statistics-based face recognition system should be based on the pure face portion: a probabilistic decision-based proof ",
journal = journal_pr,
volume = "34",
number = "7",
pages = {1393--1403},
year = "2001",
author = "Li-Fen Chen and Hong-Yuan Mark Liao and Ja-Chen Lin and Chin-Chuan Han"
}


@inproceedings{chen2002principle,
  title={Principle component analysis and its variants for biometrics},
  author={Chen, Tsuhan and Hsu, Yufeng Jessie and Liu, Xiaoming and Zhang, Wende},
  booktitle=booktitle_icip,
  volume={1},
  pages={I--61},
  year={2002},
  organization={IEEE}
}

@ARTICLE{Chen2004,
    author = {Yixin Chen and James Z. Wang and Donald Geman},
    title = {Image categorization by learning and reasoning with regions},
    journal = {Journal of Machine Learning Research},
    year = {2004},
    volume = {5},
    pages = {913--939}
}

@article{chen2008Capacity,
 title = {The Effect of Leaf-Level Spatial Variability in Photosynthetic Capacity on Biochemical Parameter Estimates Using the Farquhar Model: A Theoretical Analysis},
 author = {Chen, C. P.  and Zhu, X. G. and Long, S. P.},
 journal = {Plant Physiology},
 volume={148},
 number = {2},
 year = {2008},
 pages={1139-1147}
} 

@inproceedings{chen2009switching,
  title={Switching gaussian process dynamic models for simultaneous composite motion tracking and recognition},
  author={Chen, Jixu and Kim, Minyoung and Wang, Yu and Ji, Qiang},
  booktitle=booktitle_cvpr,
  pages={2655--2662},
  year={2009}
}

@incollection{chen2013boosting,
  title={Boosting with side information},
  author={Chen, Jixu and Liu, Xiaoming and Lyu, Siwei},
  booktitle=booktitle_accv,
  pages={563--577},
  year={2013},
  publisher={Springer}
}

@article{Chen2013,
title = "Learning person-specific models for facial expression and action unit recognition",
journal = "Pattern Recognition Letter",
volume = "34",
number = "15",
pages = "1964-1970",
year = "2013",
note = "",
issn = "0167-8655",
doi = "http://dx.doi.org/10.1016/j.patrec.2013.02.002",
author = "Jixu Chen and Xiaoming Liu and Peter Tu and Amy Aragones"
}

@article{Chen2013b,
title = "Transfer Learning with One-Class Data",
journal = "Pattern Recognition Letters",
volume = "37",
pages = "32-40 ",
year = "2013",
note = "",
issn = "0167-8655",
doi = "http://dx.doi.org/10.1016/j.patrec.2013.07.017",
author = "Jixu Chen and Xiaoming Liu"
}


@inproceedings{ChenD2013,
	 author = {Dong Chen and Xudong Cao and Fang Wen and Jian Sun},
	 title = {Blessing of Dimensionality: High-dimensional Feature and Its Efficient. Compression for Face Verification},
	 booktitle =booktitle_cvpr,
	address = address_cvpr13,
	month = month_cvpr13,
	 year = {2013},
	pages = {3025--3032},
}

@article{chene2012use,
  title={On the use of depth camera for 3{D} phenotyping of entire plants},
  author={Ch{\'e}n{\'e}, Yann and Rousseau, David and Lucidarme, Philippe and Bertheloot, Jessica and Caffier, Val{\'e}rie and Morel, Philippe and Belin, {\'E}tienne and Chapeau-Blondeau, Fran{\c{c}}ois},
  journal={Computers and Electronics in Agriculture},
  volume={82},
  pages={122--127},
  year={2012},
  publisher={Elsevier}
}

@book{Chaudhuri2001,
editor = {Subhasis Chaudhuri},
title = {Super-Resolution Imaging},
publisher = {Kluwer Academic Publishers},
year = {2001},
edition = {3rd},
}

@incollection{nedbal2004chlorophyll,
  title={Chlorophyll fluorescence imaging of leaves and fruits},
  author={Nedbal, Ladislav and Whitmarsh, John},
  booktitle={Chlorophyll a Fluorescence},
  pages={389--407},
  year={2004},
  publisher={Springer}
}

@inproceedings{Cohn2009,
    author = {Jeffrey F Cohn and Tomas Simon Kruez and Iain Matthews and Ying Yang and Minh Hoai Nguyen and Margara Terjera Padilla and Feng Zhou and Fernando De la Torre},
    title = {Detecting Depression from Facial Actions and Vocal Prosody},
    booktitle = {International Conference on Affective Computing \& Intelligent Interaction},
    year = 2009
}

@article{Collins2005,
   author = "Robert Collins and Yanxi Liu and Marius Leordeanu",
   title = "On-Line Selection of Discriminative Tracking Features",
   journal =  journal_pami,
   year = "2005",
   volume = "27",
   number = "10",
   pages = "1631--1643"
}
%   month = "October",

@inproceedings{Conde2005,
    author = {Cristina Conde and Angel Serrano},
    title = {{3D} Facial Normalization with Spin Images and Influence of Range Data Calculation over Face Verification},
    booktitle = {IEEE Computer Society Conference on Computer Vision and Pattern Recognition (CVPRW'05) - Workshops},
    pages = {115},
    year = 2005
}


@inproceedings{Cootes1991,
    author = {T. Cootes and D. Cooper and C. Tylor and J. Graham},
    title = {A trainable method of parametric shape description},
    booktitle = booktitle_bmvc,
    address = address_bmvc91,
    month = month_bmvc91,
    pages = {54--61},
    year = 1991,
}
%    publisher = {Springer},

@inproceedings{Cootes1992,
    author = {T.F.Cootes and C.J.Taylor and D.H.Cooper and J.Graham},
    title = {Training Models of Shape from Sets of Examples},
    booktitle = booktitle_bmvc,
    pages = {9--18},
    year = 1992,
    publisher = {Springer-Verlag}
}

@inproceedings{Cootes1994,
    author = {T. Cootes and C. Taylor and A. Lanitis},
    title = {Active shape models: Evaluation of a multi-resolution method for improving image search},
    booktitle = booktitle_bmvc,
    address = address_bmvc94,
    month = month_bmvc94,
    volume = 1,
    pages = {327--336},
    year = 1994,
}

@article{Cootes1995,
   author =   "T. F. Cootes and C. J. Taylor and D. H. Cooper and J. Graham",
   title =   "Active Shape Models --- Their Training and Application",
   journal = journal_cviu,
   month = "Jan",
   number = "1",
   year =   "1995",
   volume =   "61",
   pages =   "38--59"
}

@article{Cootes2001,
    author = {T. Cootes and G. Edwards and C. Taylor},
    title = {Active Appearance Models},
    journal = journal_pami,
    volume = 23,
    number = 6,
    month = {June},
    year = 2001,
    pages = {681--685}
}


@techreport{Cootes2004,
   author = "T. Cootes and C. Taylor",
   title = "Statistical Models of Appearance for Computer Vision",
   institution = "Imaging Science and Biomedical Engineering, University of Mancheste",
   month = "March",
   year = "2004"
}

@inproceedings{Cootes2004b,
   author = "T.F. Cootes and S. Marsland and C.J. Twining and K. Smith and C.J. Taylor",
   title = "Groupwise Diffeomorphic Non-rigid Registration for Automatic Model Building",
   booktitle = booktitle_eccv,
   volume = 4,
   pages = {316--327},
   year = 2004
}

@techreport{Cootes2005,
   author = "T. Cootes",
   title = "Timeline of Developments in Algorithms for Finding Correspondences
across Sets of Shapes and Images",
   institution = "University of Manchester",
   month = "July",
   year = "2005"
}
% %Imaging Science and Biomedical Engineering,

@inproceedings{Cootes2005b,
  author = {T. Cootes and C. Twining and V. Petrovic and R. Schestowitz and C. Taylor},
  title = {Groupwise Construction of Appearance Models using Piece-wise Affine Deformations},
  booktitle = booktitle_bmvc,
  volume    = {2},
  year      = {2005},
  pages     = {879--888}
}

@article{Cordea2006,
    author = {M. Cordea and E. Petriu},
    title = {A 3-{D} anthropometric-muscle-based active appearance model},
    journal = t-im,
    volume = 55,
    number = 1,
    pages = {91--98},
    month = {February},
    year = 2006
}

@inproceedings{Cox2008,
   author = "Mark Cox and Sridha Sridharan and Simon Lucey and Jeffrey Cohn",
   title = "Least Squares Congealing for Unsupervised Alignment of Images",
   booktitle = booktitle_cvpr,
   year = 2008
}


@inproceedings{Cox2009,
   author = "Mark Cox and Sridha Sridharan and Simon Lucey and Jeffrey Cohn",
   title = "Least-squares congealing for large numbers of images",
   booktitle = booktitle_cvpr,
   year = 2009
}

@inproceedings{Cristinacce2006,
    author = {D. Cristinacce and T. Cootes},
    title = {Facial feature detection and tracking with automatic template selection},
    booktitle = booktitle_afgr,
    address = address_afgr06,
    pages = {429--434},
    year = 2006
}


@inproceedings{Cristinacce2007,
    author = {D. Cristinacce and T. Cootes},
    title = {Boosted Regression Active Shape Models},
    booktitle = booktitle_bmvc,
    address = address_bmvc07,
    volume = 2,
    pages = {880--889},
    year = 2007
}

@inproceedings{Cristinacce2008,
  author = {D. Cristinacce and T. Cootes},
  title = {Facial Motion Analysis using Clustered Shortest Path Tree Registration},
  booktitle = "Proc. of the 1st Intl. Workshop on Machine Learning for Vision-based Motion Analysis with ECCV",
  year      = {2008},
  pages     = {}
}

@inproceedings{Dalal2005,
    author = {Navneet Dalal and William Triggs},
    title = {Histograms of Oriented Gradients for Human Detection},
    booktitle = booktitle_cvpr,
    year = 2005,
    volume = 1,
    pages = {886--893}
}


@misc{Daubert,
    title = {Daubert Challenge Law \& Legal Definition},
    note = {\url{http://definitions.uslegal.com/d/daubert-challenge/}}
}

@article{daugman1993high,
  title={High confidence visual recognition of persons by a test of statistical independence},
  author={Daugman, John G},
  journal=journal_pami,
  volume={15},
  number={11},
  pages={1148--1161},
  year={1993}
}

@ARTICLE{Davis1980, 
author={Davis, S. and Mermelstein, P.}, 
title={Comparison of parametric representations for monosyllabic word recognition in continuously spoken 
sentences}, 
journal=journal_t-assp, 
year={1980}, 
month = aug, 
volume = {28}, 
number = {4}, 
pages = {357--366}
}

@book{Davies1981,
  author = {Davies, Graham and Ellis, Hadyn and Shepherd, John},
  title = {Perceiving and Remembering Faces},
  publisher = {New York: Academic Press},
  year = 1981
}

@inproceedings{Dedeoglu2006,
   author = "G. Dedeoglu and S. Baker and T. Kanade",
   title = "Resolution-Aware Fitting of Active Appearance Models to Low-Resolution Images",
   booktitle = booktitle_eccv,
   address = month_eccv06,
   month = month_eccv06,
   year = "2006"
}

@article{Dedeoglu2007,
        AUTHOR = "G. Dedeoglu and T. Kanade and S. Baker",
        TITLE = "The Asymmetry of Image Registration and Its Application to Face Tracking",
        JOURNAL = journal_pami,
        VOLUME = "29",
        YEAR = "2007",
        NUMBER = "5",
        MONTH = "May",
        PAGES = "807--823"
}

@article{deffenbacher2000,
  title={The face typicality-recognizability relationship: encoding or retrieval locus?},
  author={Deffenbacher, Kenneth A and Johanson, John and Vetter, Thomas and O’Toole, Alice J},
  journal={Memory \& cognition},
  volume={28},
  number={7},
  pages={1173--1182},
  year={2000},
  publisher={Springer}
}

@inproceedings{delmerico2013,
  title={Ascending Stairway Modeling from Dense Depth Imagery for Traversability Analysis},
  author={Delmerico, Jeffrey A and Baran, David and David, Philip and Ryde, Julian and Corso, Jason J},
  booktitle = booktitle_cra,
  year = 2013,
  address =  address_cra13,
  month =  month_cra13
}

@article{di2010,
  author    = {Wei Di and
               Lei Zhang and
               David Zhang and
               Quan Pan},
  title     = {Studies on Hyperspectral Face Recognition in Visible Spectrum
               With Feature Band Selection},
  journal   = {IEEE Transactions on Systems, Man, and Cybernetics, Part
               A},
  volume    = {40},
  number    = {6},
  year      = {2010},
  pages     = {1354-1361}
}


@inproceedings{Dimitrijevic2004,
    author = {M. Dimitrijevic and S. Ilic and P. Fua},
    title = {Accurate Face Models from Uncalibrated and Ill-Lit Video Sequences},
    booktitle = booktitle_cvpr,
    year = 2004,
    volume = 2,
    pages = {1034--1041}
}

@article{Ding2010,
author={Ding, Liya and Martinez, Aleix M.},
journal=journal_pami,
title={Features versus Context: An Approach for Precise and Detailed Detection and Delineation of Faces and Facial Features},
year={2010},
month=nov. ,
volume={32},
number={11},
pages={2022 -2038}
}

@InProceedings{Dollar2005,
  author =  {P. Dollar and V. Rabaud and G. Cottrell and S. J. Belongie},
  title =   {Behavior recognition via sparse spatio-temporal features},
  booktitle =   "PETS Workshop",
  month = oct,
  year =    {2005},
  pages = {65--72},
  URL =     "http://dx.doi.org/10.1109/VSPETS.2005.1570899",
}

@inproceedings{Dollar2007,
        AUTHOR = {P. Dollar and Z. Tu and H. Tao and S. Belongie},
        TITLE = "Feature Mining for Image Classification",
        BOOKTITLE = booktitle_cvpr,
        YEAR = "2007"
}

@article{Donner2006,
  author    = {Rene Donner and
               Michael Reiter and
               Georg Langs and
               Philipp Peloschek and
               Horst Bischof},
  title     = {Fast Active Appearance Model Search Using Canonical Correlation Analysis},
  journal   = journal_pami,
  volume    = {28},
  number    = {10},
  year      = {2006},
  pages     = {1690--1694}
}

@article{Dornaika2004,
        AUTHOR = "F. Dornaika and J. Ahlberg",
        TITLE = "Fast and Reliable Active Appearance Model Search for 3-{D} Face Tracking",
        JOURNAL = p-smc-b,
        VOLUME = "34",
        YEAR = "2004",
        NUMBER = "4",
        MONTH = "August",
        PAGES = "1838--1853"
}

@inproceedings{Doretto2005,
    author = {G. Doretto},
    title = {Modeling Dynamic Scenes with Active Appearance},
    booktitle = booktitle_cvpr,
    year = 2005,
    volume = 1,
    pages = {66--73}
}


@article{Doretto2006,
  author    = {Gianfranco Doretto and Stefano Soatto},
  title     = {Dynamic Shape and Appearance Models},
  journal   = journal_pami,
  volume    = {28},
  number    = {12},
  pages     = {2006--2019},
  year      = {2006}
}

@inproceedings{Drucker1996,
    author = {Harris Drucker and Chris J.C. Burges and Linda Kaufman and Alex Smola and Vladimir Vapnik},
    title = {Support Vector Regression Machines},
    booktitle = booktitle_nips,
    year = 1996,
    pages = {155--161}
}

@book{Duda2001,
  author = {R.O. Duda and P.E. Hart and D.G. Stork},
  title = {Pattern Classification, 2nd edition},
  publisher = {John Wiley \& Sons. Inc., New York},
  year = 2001
}

@inproceedings{Edwards1998,
    author = {Edwards, G.J. and Cootes, T.F. and Taylor, C.J.},
    title = {Face recognition using active appearance models},
    booktitle = booktitle_eccv,
    year = 1998,
    volume = 2,
    pages = {581--595}
}

@incollection {EdwardsA1998,
   author = {Edwards, Alistair},
   affiliation = {University of York Department of Computer Science YO1 5DD Heslington York England},
   title = {Progress in sign language recognition},
   booktitle = {Gesture and Sign Language in Human-Computer Interaction},
   series = {Lecture Notes in Computer Science},
   editor = {Wachsmuth, Ipke and Frhlich, Martin},
   publisher = {Springer Berlin / Heidelberg},
   isbn = {},
   pages = {13-21},
   volume = {1371},
   year = {1998}
}

@inproceedings{efraty2011pose,
  title={Pose invariant facial component-landmark detection},
  author={Efraty, B and Papadakis, Manos and Profitt, Adam and Shah, S and Kakadiaris, Ioannis A},
  booktitle=booktitle_icip,
  pages={569--572},
  year={2011},
  organization={IEEE}
}

@inproceedings{elseberg2011,
  title={Full Wave Analysis in 3{D} laser scans for vegetation detection in urban environments},
  author={Elseberg, Jan and Borrmann, Dorit and Nuchter, A},
  booktitle={Information, Communication and Automation Technologies (ICAT), 2011 XXIII International Symposium on},
  pages={1--7},
  year={2011},
  organization={IEEE}
}

@inproceedings{Enev2012,
 author = {Enev, Miro and Jung, Jaeyeon and Bo, Liefeng and Ren, Xiaofeng and Kohno, Tadayoshi},
 title = {SensorSift: Balancing Sensor Data Privacy and Utility in Automated Face Understanding},
 booktitle = {Proceedings of the 28th Annual Computer Security Applications Conference},
 series = {ACSAC '12},
 year = {2012},
 location = {Orlando, Florida},
 pages = {149--158},
 publisher = {ACM},
 address = {New York, NY, USA},
} 


@article{Erdem2002,
author = {Ugur Murat Erdem and Stan Sclaroff},
title = {Automatic Detection of Relevant Head Gestures in American Sign Language Communication},
journal =booktitle_icpr,
volume = {1},
year = {2002},
pages = {10460}
}

@inproceedings{Epp2011,
 author = {Epp, Clayton and Lippold, Michael and Mandryk, Regan L.},
 title = {Identifying emotional states using keystroke dynamics},
 booktitle = {Proc. of the SIGCHI Conference on Human Factors in Computing Systems},
 year = {2011},
 pages = {715--724}
} 

@article{Farsiu2004,
author = {S. Farsiu and M. D. Robinson and M. Elad and P. Milanfar},
title = {Fast and robust multiframe super-resolution},
journal = journal_t-ip,
year = {2004},
volume = {13},
number = {10},
pages = {1327--1344},
month = {October}
}


@techreport{farquhar2005improving,
  author={Farquhar, Jason and Szedmak, Sandor and Meng, Hongying and Shawe-Taylor, John},
  title={Improving "bag-of-keypoints" image categorisation: Generative models and {PDF}-kernels},
  institution =  {University of Southampton},
  year={2005}
}


@inproceedings{Fei2007,
    author = {J. Fei and I. Pavlidis},
    title = {Virtual thermistor},
    booktitle = {Proceedings of the 29th Annual International Conference of the IEEE Engineering in Medicine and Biology Society},
    year = 2007
}


@inproceedings{Fei-fei2005,
    author = {L. Fei-Fei and P. Perona},
    title = {A Bayesian Hierarchical Model for Learning Natural Scene Categories},
    booktitle = booktitle_cvpr,
	address = address_cvpr05,
	month = month_cvpr05,
    year = {2005},
    pages = {524--531},
    volume = {2},
}

@article{Fei-fei2006,
    author = {Li Fei-fei and Rob Fergus and Student Member and Pietro Perona},
    title = {One-shot learning of object categories},
    journal = journal_pami,
    year = {2006},
    volume = {28},
    number = {4},
    pages = {594--611}
}

@article{Fei-Fei2007,
  author    = {L. Fei-Fei and R. Fergus and P. Perona},
  title     = {Learning generative visual models from few training examples:
               An incremental Bayesian approach tested on 101 object categories},
  journal = journal_cviu,
  volume    = {106},
  number    = {1},
  year      = {2007},
  pages     = {59--70}
}

@article{Felzenszwalb2005,
author = {P. F. Felzenszwalb},
title = {Representation and detection of deformable shapes},
journal = journal_pami,
year = {2005},
volume = 27,
number = 2,
pages = {208--220}
}

@inproceedings{Fergus03,
    author = {Fergus, R.  and Perona, P.  and Zisserman, A. },
    title = {Object class recognition by unsupervised scale-invariant learning},
    booktitle = booktitle_cvpr,
    pages = {264--271},
    volume = {2},
    year = {2003}
}

@INPROCEEDINGS{Ferrari2008, 
author={Ferrari, V. and Marin-Jimenez, M. and Zisserman, A.}, 
booktitle=booktitle_cvpr, 
title={Progressive search space reduction for human pose estimation}, 
year={2008}, 
month=month_cvpr08, 
pages={1-8},
  organization={IEEE}
}

@article{foster2006,
  title={Frequency of metamerism in natural scenes},
  author={Foster, David H and Amano, Kinjiro and Nascimento, S{\'e}rgio and Foster, Michael J},
  journal={JOSA A},
  volume={23},
  number={10},
  pages={2359--2372},
  year={2006},
  publisher={Optical Society of America}
}

@book{Forsyth2003,
  author = {David A. Forsyth and Jean Ponce},
  title = {Computer Vision: A Modern Approach},
  publisher = {Prentice Hall},
  year = 2003
}

@article{Freund1997,
   author = {Yoav Freund and Robert E. Schapire},
   title = {A decision-theoretic generalization of on-line learning and an application to boosting},
   journal = {Journal of Computer and System Sciences},
   month = August,
   year = 1997,
   volume = 55,
   number = 1,
   pages = {119--139}
}


@article{Freund2003,
   author = {Yoav Freund and Raj Iyer and Robert E. Schapire and Yoram Singer},
   title = {An Efficient Boosting Algorithm for Combining Preferences},
   journal = {Journal of Machine Learning Research},
   year = 2003,
   volume = 4,
   pages = {933--969}
}

@inproceedings{Frey1999,
 author = {B.J. Frey and N. Jojic},
 title = {Transformed component analysis: joint estimation of spatial transformations and image components},
 booktitle = booktitle_iccv,
 year = 1999,
 volume = 2,
 pages = {1190--1196}
}

@inproceedings{Frey1999b,
 author = {B.J. Frey and N. Jojic},
 title = {Estimating Mixture Models of Images and Inferring Spatial Transformations Using the {EM} algorithms},
 booktitle = booktitle_iccv,
 year = 1999,
 volume = 1,
 pages = {416--422}
}

@article{Frey2003,
  author    = {Brendan J. Frey and Nebojsa Jojic},
  title     = {Transformation-Invariant Clustering Using the {EM} Algorithm},
  journal   = journal_pami,
  volume    = {25},
  number    = {1},
  year      = {2003},
  pages     = {1--17}
}

@article{Friedman2000,
   author = {Jerome Friedman and Trevor Hastie and Robert Tibshirani},
   title = {Additive logistic regression: {A} statistical view of boosting},
   journal = {The Annals of Statistics},
   year = 2000,
   month = {April},
   volume = 38,
   number = 2,
   pages = {337--374}
}

@book{Frith2004,
   author = {Christopher D. Frith and Daniel M. Wolpert},
   title = "The Neuroscience of Social Interaction: Decoding, Imitating, and Influencing the Actions of Others",
   year = "2004",
   publisher = {Oxford University Press, USA}
}

@inproceedings{Frome2007,
 author = {Andrea Frome and Yoram Singer and Fei Sha and Jitendra Malik},
 title = {Learning Globally-Consistent Local Distance Functions for Shape-Based Image Retrieval and Classification},
 booktitle = booktitle_iccv,
 year = 2007
}

@inproceedings{furukawa2004structure,
  title={Structure and motion from images of smooth textureless objects},
  author={Furukawa, Yasutaka and Sethi, Amit and Ponce, Jean and Kriegman, David},
  booktitle=booktitle_eccv,
  pages={287--298},
  year={2004}
}

@article{Gao2002,
    author = {Yongsheng Gao and Maylor K.H. Leung},
    title = {Face Recognition Using Line Edge Map},
    journal = journal_pami,
    volume = 24,
    number = 6,
    month = {June},
    year = 2002,
    pages = {764--779}
}

@article{GaoWen2008,
  AUTHOR =       {Wen Gao and Bo Cao and Shiguang Shan and Xilin Chen and Delong Zhou and Xiaohua Zhang and Debin Zhao},
  TITLE =        {The {CAS-PEAL} Large-Scale Chinese Face Database and Baseline Evaluations},
  JOURNAL =       journal_p-smc-a,
  YEAR =         {2008},
  volume =       {38},
  number =       {1},
  pages =        {149--161}
}

@incollection{gao2007standardization,
  title={Standardization of face image sample quality},
  author={Gao, Xiufeng and Li, Stan Z and Liu, Rong and Zhang, Peiren},
  booktitle={Advances in Biometrics},
  pages={242--251},
  year={2007},
  publisher={Springer}
}

@article{Georghiades2001,
  author =  "Georghiades, A.S. and Belhumeur, P.N. and Kriegman, D.J.",
  title =   "From Few to Many: Illumination Cone Models for Face Recognition under
               Variable Lighting and Pose",
  journal = journal_pami,
  year =  2001,
  volume = 23,
  number = 6,
  pages= "643--660"
}


@book{Gerasimov1971,
author = {M.M. Gerasimov},
title = {The Face Finder},
publisher = {Philadelphia (PA): JB Lippincott Co},
year = {1971}
}

@inproceedings{Gheissari2006,
  author    = {Niloofar Gheissari and
               Thomas Sebastian and Peter Tu and Jens Rittscher and
               Richard Hartley},
  title     = {Person Reidentification Using Spatiotemporal Appearance},
  booktitle = booktitle_cvpr,
  volume    = 2,
  year      = {2006},
  pages     = {1528--1535}
}


@inproceedings{Goh2005,
 author = {Goh, Rodney and Liu, Lihao and Liu, Xiaoming and Chen, Tsuhan},
 title = {The {CMU} {F}ace {I}n {A}ction ({FIA}) Database},
 booktitle = {Proc. IEEE Intl. Workshop on Anal. and Modeling of Faces and Gestures held in conjunction with ICCV 2005},
 address = {Beijing, China},
 month = oct,
 year = {2005},
 pages = {255--263},
}


@article{gonzalez2010learning,
  title={Learning a generic 3{D} face model from 2{D} image databases using incremental structure-from-motion},
  author={Gonzalez-Mora, Jose and De la Torre, Fernando and Guil, Nicolas and Zapata, Emilio L},
   journal = journal_ivc,
  volume={28},
  number={7},
  pages={1117--1129},
  year={2010},
  publisher={Elsevier}
}

@inproceedings{Grabner2006a,
  author    = {Helmut Grabner and Horst Bischof},
  title     = {On-line Boosting and Vision},
  booktitle = booktitle_cvpr,
  volume = 1,
  year      = {2006},
  pages     = {260--267}
}

@inproceedings{Grabner2006b,
  author    = {Helmut Grabner and Michael Grabner and Horst Bischof},
  title     = {Real-Time Tracking via On-line Boosting},
  booktitle = booktitle_bmvc,
  volume    = 1,
  year      = {2006},
  pages     = {47--56}
}

@inproceedings{Graham1998,
 author = {Daniel B. Graham and Nigel M. Allinson},
 title = {Face Recognition from Unfamiliar Views: Subspace Methods and Pose Dependency},
 booktitle = booktitle_afgr,
 year = 1998,
 pages = {348--353}
}

@techreport{Griffin2007,
Author = {G. Griffin and A. Holub and P. Perona},
Title = {Caltech-256 Object Category Dataset},
Institution = {California Institute of Technology},
    Year = {2007},
    URL = {http://authors.library.caltech.edu/7694},
    Number = {7694}
}



@article{Gross2004,
   author = {Ralph Gross and Iain Matthews and Simon Baker},
   title = {Appearance-Based Face Recognition and Light-Fields},
   journal = journal_pami,
   month = April,
   year = 2004,
   volume = 26,
   number = 4,
   pages = {449--465}
}

@article{Gross2005,
   author = "R. Gross and I. Matthews and S. Baker",
   title = "Generic vs. person specific active appearance models",
   journal = journal_ivc,
   month = "Nov.",
   year = "2005",
   volume = "23",
   number = "11",
   pages = "1080--1093"
}

@inproceedings{gross2006model,
  title={Model-based face de-identification},
  author={Gross, Ralph and Sweeney, Latanya and De la Torre, Fernando and Baker, Simon},
  booktitle=booktitle_cvprw,
  pages={161--161},
  year={2006},
  organization={IEEE}
}

@INPROCEEDINGS{Gross2008, 
author={Gross, R. and Sweeney, L. and de la Torre, F. and Baker, S.}, 
booktitle=booktitle_cvpr, 
title={Semi-supervised learning of multi-factor models for face de-identification}, 
year={2008}, 
month={June}, 
pages={1-8}, 
}

@inproceedings{Gu2006,
    author = {L. Gu and T. Kanade},
    title = {3{D} alignment of face in a single image},
    booktitle = booktitle_cvpr,
    volume = 1,
    pages = {1305--1312},
    year = 2006
}

@inproceedings{Gu2007,
  author    = {Lie Gu and
               Eric P. Xing and
               Takeo Kanade},
  title     = {Learning GMRF Structures for Spatial Priors},
  booktitle = booktitle_cvpr,
  year      = 2007
}

@article{Han2014,
   author = {Hu Han and Charles Otto and Xiaoming Liu and Anil K. Jain},
   title = {Demographic Estimation from Face Images: Human vs. Machine Performance},
   journal = journal_pami,
   note = {acceptance with minor revision},
   year = 2014,
}

@article{Harpold2013,
   author = {Harpold, A.A. and Q. Guo and N. Molotch and P. D. Brooks and R. Bales and J.C. Fernandez-Diaz and K.N. Musselman and T.L. Swetnam and P. Kirchner and M. Meadows and J. Flanagan and R. Lucas},
   title = {LiDAR-Derived Snowpack Datasets From Mixed Conifer Forests Across the Western US.},
   journal = {Water Resources Research, under review},
   year = 2013
}


@book{Hartley2000,
author = {Richard Hartley and Andrew Zisserman},
title = {Multiple View Geometry in Computer Vision},
publisher = {Cambridge University Press},
year = {2000},
}

@inproceedings{hassner2013viewing,
  title={Viewing real-world faces in 3{D}},
  author={Hassner, Tal},
  booktitle=booktitle_iccv,
  pages={3607--3614},
  year={2013},
  organization={IEEE}
}

@article{Hager1998,
   author = {G. Hager and P. Belhumeur},
   title = {Efficient region tracking with parametric models of geometry and illumination},
   journal = journal_pami,
   month = October,
   year = 1998,
   volume = 20,
   number = 10,
   pages = {1025--1039}
}

@inproceedings{haug2014crop,
  title={A Crop/Weed Field Image Dataset for the Evaluation of Computer Vision Based Precision Agriculture Tasks},
  author={Haug, Sebastian and Ostermann, J{\"o}rn},
  booktitle=booktitle_eccvw,
  pages={105--116},
  year={2014},
  organization={Springer}
}

@inproceedings{heo2009between,
  title={In between 3{D} active appearance models and 3{D} morphable models},
  author={Heo, Jingu and Savvides, Marios},
  booktitle={Computer Vision and Pattern Recognition Workshops, 2009. CVPR Workshops 2009. IEEE Computer Society Conference on},
  pages={20--26},
  year={2009},
  organization={IEEE}
}

@inproceedings{hernandez2010,
  title={Outdoor stairway segmentation using vertical vanishing point and directional filter},
  author={Hernandez, Danilo C{\'a}ceres and Jo, Kang-Hyun},
  booktitle={Strategic Technology (IFOST), 2010 International Forum on},
  pages={82--86},
  year={2010}
}

@inproceedings{Hidaka2006,
        AUTHOR = "Akinori Hidaka and Kenji Nishida and Takio Kurita",
        TITLE = "Face Tracking by Maximizing Classification Score of Face Detector Based on Rectangle Features",
        BOOKTITLE = "Proc. IEEE International Conference on Computer Vision Systems, New York, NY",
        pages = {48},
        year = 2006
}


@inproceedings{Hordley2004, 
author={Hordley, S. and Finalyson, G. and Morovic, P.}, 
booktitle={Multi-Agent Security and Survivability, 2004 IEEE First Symposium on}, 
title={A multi-spectral image database and its application to image rendering across illumination}, 
year={2004}, 
month={Dec}, 
pages={394-397}
}

@article{Hrdy1978,
   author = {Hrdy, Daniel},
   title = {Analysis of Hair Samples of Mummies from Semna South},
   journal = {American J. of Physical Anthropology},
   year = 1978,
   volume = 49,
   pages = {277–-282}
}

@inproceedings{Hu2003,
        AUTHOR = "Hu, C. and Feris, R.S. and Turk, M.",
        TITLE = "Active Wavelet Networks for Face Alignment",
        BOOKTITLE = booktitle_bmvc,
        YEAR = "2003"
}


@inproceedings{Hua2005,
        AUTHOR = "Gang Hua and Ming-Hsuan Yang and Ying Wu",
        TITLE = "Learning to estimate human pose with data driven belief propagation",
        BOOKTITLE = booktitle_cvpr,
        volume = 2,
        PAGES = "747--754",
        YEAR = "2005"
}

@inproceedings{Huang2007,
	author = {Gary B. Huang and Vidit Jain and Erik Learned-Miller},
	title = {Unsupervised Joint Alignment of Complex Images},
	booktitle = booktitle_iccv,
	year = {2007},
	pages = {1--8},
}

@TechReport{LFW,
  author =       {Gary B. Huang and Manu Ramesh and Tamara Berg and 
                  Erik Learned-Miller},
  title =        {Labeled Faces in the Wild: A Database for Studying 
                  Face Recognition in Unconstrained Environments},
  institution =  {University of Massachusetts, Amherst},
  year =         2007,
  number =       {07-49},
  month =        {October}
}

@inproceedings{HuangC2007,
  author = {Chang Huang and Haizhou Ai and Takayoshi Yamashita and Shihong Lao and Masato Kawade},
  title = {Incremental Learning of Boosted Face Detector},
  booktitle = booktitle_iccv,
  year = 2007
}

@inproceedings{hu2004automatic,
  title={Automatic 3{D} reconstruction for face recognition},
  author={Hu, Yuxiao and Jiang, Dalong and Yan, Shuicheng and Zhang, Lei and Zhang, Hongjiang},
  booktitle=booktitle_afgr,
  pages={843--848},
  year={2004},
  organization={IEEE}
}


@book{Isard1998,
  author = {Michael Isard and Andrew Blake},
  title = {Active Contours},
  publisher = {Springer-Verlag},
  year = 1998
}


@article{Jackson2003,
   author = "John I. Jackson and John A. Hossack",
   title = "Medical diagnostic ultrasound system and method for scanning plane orientation",
   journal = "US Patent Issued number 0065265",
   month = "April",
   year = "2003"
}

@inproceedings{Jain2002,
        AUTHOR = "A.K. Jain and A. Ross",
        TITLE = "learning user-specific parameters in a multibiometric system",
        BOOKTITLE = booktitle_icip,
        volume = 1,
        PAGES = "57--60",
        YEAR = "2002"
}

@article{Jain2004, 
	author = {Jain, Anil K. and Ross, Arun and Prabhakar, S.}, 
	title = {An Introduction to Biometric Recognition}, 
	journal = journal_t-csvt, 
	volume = {14}, 
	number = {1}, 
	month = jan, 
	year = {2004}, 
	pages = {4--20}, 
	doi = {10.1109/TCSVT.2003.818349}, 
	ISSN = {1051-8215}
}

@misc{Janus,
    note = {\url{http://www.iarpa.gov/index.php/research-programs/janus/baa}}
}

@inproceedings{Jeni15FG_ZFace,
	author = {L{\'a}szl{\'o} A. Jeni and Jeffrey F. Cohn and Takeo Kanade},
	title = {Dense 3{D} Face Alignment from 2{D} Videos in Real-Time},
	year = {2015},
	booktitle = booktitle_afgr,
	url = {articles/Jeni15FG_ZFace.pdf},	
	code = {http://zface.org},
	abstract ={}
}

@inproceedings{Jones2005,
        AUTHOR = "E. Jones and S. Soatto",
        TITLE = "Layered Active Appearance Models",
        BOOKTITLE = booktitle_iccv,
        volume = 2,
        PAGES = "1097--1102",
        YEAR = "2005"
}


@inproceedings{Javed2005,
    author = {O. Javed and S. Ali and M. Shah},
    title = {Online detection and classification of moving objects using progressively improving detectors},
    booktitle = booktitle_cvpr,
    volume = 1,
    pages = {696--701},
    year = 2005
}


@inproceedings{Jesorsky2001,
    author = {O. Jesorsky and K. J. Kirchberg and R. W. Frischholz},
    title = {Robust face detection using the hausdorff distance},
    booktitle = {3rd International Conference on Audio- and Video-Based Biometric Person Authentication 2001, Halmstad, Sweden},
    pages = {90--95},
    year = 2001
}


@inproceedings{Jia2006,
        author = {Jia, K. and Gong, S. and Leung, A.P.},
        title = {Coupling Face Registration and Super-Resolution},
        booktitle = booktitle_bmvc,
        volume = 2,
        pages = {449--458},
        year = 2006
}

@inproceedings{Jiao2003,
 author = {Feng Jiao and Stan Li and Heung-Yeung Shum and Schuurmans, D.},
 title = {Face alignment using statistical models and wavelet features},
 booktitle = booktitle_cvpr,
 volume =1,
 pages = {321--327},
 year = 2003
}

@article{Jiang2005,
author = "Dalong Jiang and Yuxiao Hu and Shuicheng Yan and Lei Zhang and Hongjiang Zhang and Wen Gao",
title = "Efficient 3{D} reconstruction for face recognition",
journal = journal_pr,
volume = "38",
number = "6",
pages = "787 - 798",
year = "2005"
}


@inproceedings{Jiang2009,
author = {Jiang, Hao and Yu, S.X.},
title = {Linear solution to scale and rotation invariant object matching},
booktitle = booktitle_cvpr,
month = month_cvpr09,
pages = {2474--2481},
year = {2009}
}

@article{Jiang2007,
author = {Jiang, Hao and Drew, Mark S and Li, Zi-nian},
file = {:H$\backslash$:/paper/Jiang, Drew, Li/IEEE Transactions on Pattern Analysis and Machine Intelligence/Jiang, Drew, Li - 2007 - Matching by Linear Programming and Successive Convexication.pdf:pdf},
issue = {6},
journal = journal_pami,
keywords = {convex,linear programming},
pages = {959--975},
title = {{Matching by Linear Programming and Successive Convexication}},
volume = {29},
year = {2007}
}


@inproceedings{Joachims2002,
  author =   {T. Joachims},
  title =    {Optimizing Search Engines Using Clickthrough Data},
  booktitle =    {ACM SIGKDD Conference on Knowledge Discovery and
                  Data Mining (KDD)},
  pages =    "133--142",
  year =     2002
}


@article{Johnston2009,
author = {Johnston, Robert A. and Edmonds, Andrew J.},
title = {Familiar and unfamiliar face recognition: A review},
journal = {Memory},
volume = {17},
number = {5},
pages = {577-596},
year = {2009}
}

@inproceedings{Jordan2012, 
author={Jordan, J. and Angelopoulou, E.}, 
booktitle={Image Processing (ICIP), 2012 19th IEEE International Conference on}, 
title={Supervised multispectral image segmentation with power watersheds}, 
year={2012}, 
month={Sept}, 
pages={1585-1588}
}


@inproceedings{Kae2013,
 author = {Kae, Andrew and Sohn, Kihyuk and Lee, Honglak and Learned-Miller, Erik},
 title = {Augmenting {CRF}s with {B}oltzmann Machine Shape Priors for Image Labeling},
 booktitle = booktitle_cvpr,
 year = 2013,
 pages = {2019--2026}
 } 


@PhdThesis{Kanade1973,
   author = {Takeo Kanade},
   title = {Picture Processing System by Computer Complex and Recognition of Human Faces},
   school = {Kyoto University},
   year = {1973},
   address = {Kyoto, Japan},
   month = {November},
}


@inproceedings{Kanade2000,
 author = {Kanade, T. and Cohn, J. F. and Tian, Y.},
 title = {Comprehensive database for facial expression analysis},
 booktitle = booktitle_afgr,
 pages = {46--53},
 year = 2000
}

@inproceedings{Kanaujia2007,
 author = {Atul Kanaujia and Dimitris Metaxas},
 title = {Large Scale Learning of Active Shape Models},
 booktitle = booktitle_icip,
 volume = 1,
 address = address_icip07,
 pages = {265-268},
 year = 2007
}

@inproceedings{Kaufhold2006,
author = {J. Kaufhold and R. Kaucic and J. Abbott},
title = {Distributed Cost Boosting and Bounds on Mis-classification Cost},
booktitle = booktitle_cvpr,
volume = {1},
year = {2006},
pages = {146--153}
}

@inproceedings{kazemi2014one,
  title={One millisecond face alignment with an ensemble of regression trees},
  author={Kazemi, Vahid and Sullivan, Josephine},
  booktitle = booktitle_cvpr,
  pages={1867--1874},
  year={2014},
  organization={IEEE}
}

@inproceedings{Kelly2009,
author={Kelly, D. and Delannoy, J.R. and McDonald, J. and Markham, C.},
booktitle={Computer Vision Workshops (ICCV Workshops), 2009 IEEE 12th International Conference on},
title={Incorporating facial features into a multi-channel gesture recognition system for the interpretation of Irish Sign Language sequences},
year={2009},
pages={1977-1984}
}

@inproceedings{Killourhy2009,
	author = {Killourhy, Kevin S. and Maxion, Roy A.},
	title = {Comparing Anomaly Detectors for Keystroke Dynamics},
	booktitle = {Proc. of the Int. Conf. on Dependable Systems and Networks (DSN)},
	address = {Lisbon, Portugal},
	month = jul,
	year = {2009},
	pages = {125--134}
}

@article{Kimberly2010,
 author = {Heidi Harbison Kimberly and Alice Murray and Maria Mennicke and Andrew Liteplo and Jason Lew and J. Stephen Bohan and Lynda Tyer-Viola and Roy Ahn and Thomas Burke and Vicki E. Noble},
 title = {Focused Maternal Ultrasound by Midwives in Rural Zambia},
 journal = {Ultrasound in Med. \& Biol},
 volume = 36,
 number = 8,
 pages = {1267--1272},
 year = 2010
}

@inproceedings{Klare2014,
	author = {B. F. Klare and S. Klum and J. Klontz and E. Taborsky and T. Akgul and A. K. Jain},
	title = {Suspect Identification Based on Descriptive Facial Attributes},
	booktitle = booktitle_ijcb,
	year = {2014}
}

@INPROCEEDINGS{koestinger11b,
    author = {Martin Koestinger and Paul Wohlhart and Peter M. Roth and Horst Bischof},
    title = {Annotated Facial Landmarks in the Wild: A Large-scale, Real-world 
        Database for Facial Landmark Localization},
    booktitle = {First IEEE International Workshop on Benchmarking Facial Image Analysis Technologies},
    year = {2011},
    weblink = {http://lrs.icg.tugraz.at/pubs/koestinger_befit_11.pdf}
}

@inproceedings{Kokkinos2007,
  author    = {I. Kokkinos and A. Yuille},
  title     = {Unsupervised Learning of Object Deformation Models},
  booktitle = booktitle_iccv,
  address = address_iccv07,
  volume    = {},
  year      = {2007},
  pages     = {}
}

@inproceedings{Kruger2000,
  author    = {Volker Kr{\"u}ger and Gerald Sommer},
  title     = {{G}abor Wavelet Networks for Object Representation},
  booktitle = {DAGM-Symposium},
  year      = {2000},
  pages     = {309--316}
}

@InProceedings{Kumar2009, 
author = {N. Kumar and A. C. Berg and P. N. Belhumeur and S. K. Nayar},
title = {{A}ttribute and {S}imile {C}lassifiers for {F}ace {V}erification},
booktitle = booktitle_iccv,
month = {Oct},
year = {2009}
}

@article{Kumar2011,
 author = {Kumar, Neeraj and Berg, Alexander and Belhumeur, Peter N. and Nayar, Shree},
 title = {Describable Visual Attributes for Face Verification and Image Search},
 journal = journal_pami,
 volume = {33},
 number = {10},
 month = oct,
 year = {2011},
 pages = {1962--1977}
} 

@incollection{kumar2012leafsnap,
  title={Leafsnap: A computer vision system for automatic plant species identification},
  author={Kumar, Neeraj and Belhumeur, Peter N. and Biswas, Arijit and Jacobs, David W. and Kress, W. John and Lopez, Ida C. and Soares, Jo{\~a}o VB.},
  booktitle=booktitle_eccv,
  pages={502--516},
  year={2012},
  publisher={Springer}
}


@inproceedings{Langs2006,
  author = {Georg Langs and Philipp Peloschek and Rene Donner and Bischof Horst},
  title = {Annotation Propagation by {MDL} Based Correspondences},
  booktitle = {Proc. of Computer Vision Winter Workshop},
  year      = {2006},
  pages     = {11--16}
}

@inproceedings{Langs2007,
  author = {Georg Langs and Rene Donner and Philipp Peloschek and Bischof Horst},
  title = {Robust autonomous model learning from 2{D} and 3{D} data sets},
  booktitle = booktitle_miccai,
  volume = {1},
  year      = {2007},
  pages     = {968--976}
}


@inproceedings{Laptev2006,
  author    = {I. Laptev},
  title     = {Improvements of Object Detection Using Boosted Histograms},
  booktitle = booktitle_bmvc,
  volume    = 3,
  year      = {2006},
  pages     = {949--958}
}

@article{Laugherty1971,
 author = {K.R. Laugherty and J.F. Alexander and A.B. Lane},
 title = {Recognition of human faces: Effects of target exposure time, target position, pose position, and type of photograph},
 journal = {Journal of Applied Psychology},
 volume = 55,
 number = 5,
 pages = {477--483},
 year = 1971
}

@incollection{le2012interactive,
  title={Interactive facial feature localization},
  author={Le, Vuong and Brandt, Jonathan and Lin, Zhe and Bourdev, Lubomir and Huang, Thomas S},
  booktitle=booktitle_eccv,
  pages={679--692},
  year={2012},
  publisher={Springer}
}

@article{LeCun1998,
   author = {Y. LeCun and L. Bottou and Y. Bengio and P. Haffner},
   title = {Gradient-based learning applied to document recognition},
   journal = p-ieee,
   year = 1998,
   volume = 86,
   number = 11,
   pages = {2278--2324}
}

@article{Lee1996,
   author = {T.S. Lee},
   title = {Image representation using 2{D} {G}abor wavelet},
   journal = journal_pami,
   year = 1996,
   volume = 18,
   number = 10,
   pages = {959--71}
}

@inproceedings{Lee2004,
 author = {Won-Sook Lee and Kyung-Ah Sohn},
 title = {Database Construction \& Recognition for Multi-view face},
 booktitle = booktitle_afgr,
 address = address_afgr04,
 year = 2004,
 pages = {350--355}
}


@inproceedings{Lee2004b,
 author = {Hyung-Soo Lee and Daijin Kim},
 title = {Pose Invariant Face Recognition Using Linear Pose Transformation in Feature Space},
 booktitle = {ECCV 2004 Workshop on Computer Vision in Human-Computer Interaction, Czech Republic},
 year = 2004,
 pages = {211--220}
}


@article{Lee2006,
 author = {Mun Wai Lee and I. Cohen},
 title = {A model-based approach for estimating human {3D} poses in static images},
 journal = journal_pami,
 volume = 28,
 number = 6,
 year = 2006,
 pages = {905--916}
}

@INPROCEEDINGS{Lee2008, 
  author = {Lee, Kuang-Chih and Anguelov, D. and Sumengen, B. and Gokturk, S.B.}, 
  booktitle = booktitle_afgr, 
  title = {Markov random field models for hair and face segmentation}, 
  year = {2008}, 
  pages = {1-6}
}

@inproceedings{lee2012,
  title={Real-time staircase detection from a wearable stereo system},
  author={Lee, Young Hoon and Leung, Tung-Sing and Medioni, Gerard},
  booktitle=booktitle_icpr,
  pages={3770--3773},
  year={2012}
}

@inproceedings{leibe2005pedestrian,
  title={Pedestrian detection in crowded scenes},
  author={Leibe, Bastian and Seemann, Edgar and Schiele, Bernt},
  booktitle=booktitle_cvpr,
  volume={1},
  pages={878--885},
  year={2005},
  organization={IEEE}
}

@article{Levey2000,
 author = {A. Levey and M. Lindenbaum},
 title = {Sequential {K}arhunen-{L}oeve basis extraction and its application to images},
 journal = journal_t-ip,
 volume = 9,
 number = 8,
 year = 2000,
 pages = {1371--1374}
}

@inproceedings{Levi2004,
 author = {K. Levi and Y. Weiss},
 title = {Learning object detection from a small number of examples: The importance of good features},
 booktitle = booktitle_cvpr,
 volume = 2,
 year = 2004,
 pages = {53--60}
}

@ARTICLE{Levin2008, 
author={Levin, A. and Lischinski, D. and Weiss, Y.}, 
journal=journal_pami, 
title={A Closed-Form Solution to Natural Image Matting}, 
year={2008}, 
volume={30}, 
number={2}, 
pages={228-242}
}

@article{levine1988face,
  title={Face recognition: a general or specific right hemisphere capacity?},
  author={Levine, Susan Cohen and Banich, Marie T and Koch-Weser, Margaret Primeau},
  journal={Brain and Cognition},
  volume={8},
  number={3},
  pages={303--325},
  year={1988},
  publisher={Elsevier}
}

@article{Levine2001,
 author = {J. Levine and I. Pavlidis and M. Cooper},
 title = {The face of fear},
 journal = {The Lancet},
 volume = 357,
 number = 9270,
 year = 2001,
 pages = {1757}
}


@inproceedings{Li2005,
 author = {Yuanzhong Li  and Wataru Ito},
 title = {Shape Parameter Optimization for AdaBoosted Active Shape Model},
 booktitle = booktitle_iccv,
  address = address_iccv05,
 volume = 1,
 year = 2005,
 pages = {251--258}
}

@inproceedings{li2012leaf,
  title={Leaf Contour Extraction Based on an Intelligent Scissor Algorithm with Complex Background},
  author={Li, Xianghua and Lee, Hyo-Haeng and Hong, Kwang-Seok},
 booktitle = {2nd International Conference on Future Computers in Education},
 year = 2012,
 pages = {215--220}

}

@inproceedings{Liang2006,
    author = {L. Liang and F. Wen and Y. Xu and X. Tang and H. Shum},
    title = {Accurate Face Alignment using Shape Constrained {M}arkov Network},
    booktitle = booktitle_cvpr,
    address = address_cvpr06,
    month = month_cvpr06,
    year = 2006
}

@inproceedings{Liang2008,
   author = "Lin Liang and Rong Xiao and Fang Wen and Jian Sun",
   title = "Face Alignment via Component based Discriminative Search",
   booktitle = booktitle_eccv,
   address = address_eccv08,
   year = "2008"
}

@article{liao2014,
  title={Open-set Person Re-identification},
  author={Shengcai Liao and Zhipeng Mo and Yang Hu and Stan Z. Li},
  note={arXiv:1408.0872v1 [cs.CV]},
  year={2014}
}

@inproceedings{Liebelt2006,
  author    = {Joerg Liebelt and
               Jing Xiao and
               Jie Yang},
  title     = {Robust AAM Fitting by Fusion of Images and Disparity Data},
  booktitle = booktitle_cvpr,
  volume = 2,
  pages     = {2483--2490},
  year      = {2006}
}


@inproceedings{Lienhart2003,
 author = {Rainer Lienhart and Alexander Kuranov and Vadim Pisarevsky},
 title = {Empirical Analysis of Detection Cascades of Boosted Classifiers for Rapid Object Detection},
 booktitle = {Proc. 25th Pattern Recognition Symposium, Madgeburg, Germany},
 pages = {297--304},
 month = {September},
 year = 2003
}

@inproceedings{Lim2004,
  author    = {Jongwoo Lim and
               David A. Ross and
               Ruei-Sung Lin and
               Ming-Hsuan Yang},
  title     = {Incremental Learning for Visual Tracking},
  booktitle = booktitle_nips,
  year      = 2004,
  pages = {793--800}
}

@inproceedings{lim2002fingerprint,
  title={Fingerprint quality and validity analysis},
  author={Lim, Eyung and Jiang, Xudong and Yau, Weiyun},
  booktitle=booktitle_icip,
  volume={1},
  pages={469--472},
  year={2002},
  organization={IEEE}
}

@article{lim2009,
  title={3{D} terrestrial LIDAR classifications with super-voxels and multi-scale Conditional Random Fields},
  author={Lim, Ee Hui and Suter, David},
  journal={Computer-Aided Design},
  volume={41},
  number={10},
  pages={701--710},
  year={2009},
  publisher={Elsevier}
}

@inproceedings{Lin2006,
  author    = {Dahua Lin and Xiaoou Tang},
  title     = {Recognize High Resolution Faces: From Macrocosm to Microcosm},
  booktitle = booktitle_cvpr,
  year      = 2006,
  volume    = 2,
  pages     = {1355--1362}
}

@article{Liu2002,
 author = {CH Liu and A Chaudhuri},
 title = {Reassessing the 3/4 view effect in face recognition},
 journal = {Cognition},
 volume = 83,
 number = 1,
 pages = {31--48},
 year = 2002
}

@article{Liu2002b,
  author = {C. Liu and H. Wechsler},
  title = {{G}abor Feature Based Classification Using the Enhanced {F}isher Linear Discriminant
    Model for Face Recognition},
  journal = journal_t-ip,
  volume = 11,
  number = 4,
  pages = {467--476},
  year = 2002
}

@article{liu2011sift,
  title={{SIFT} flow: Dense correspondence across scenes and its applications},
  author={Liu, Ce and Yuen, Jenny and Torralba, Antonio},
  journal=journal_pami,
  volume={33},
  number={5},
  pages={978--994},
  year={2011},
  publisher={IEEE}
}

@inproceedings{liu2002shot,
  title={Shot boundary detection using temporal statistics modeling},
  author={Liu, Xiaoming and Chen, Tsuhan},
  booktitle=booktitle_icassp,
  volume={4},
  pages={IV--3389},
  year={2002},
  organization={IEEE}
}

@inproceedings{Liu2002c,
  author    = {Xiaoming Liu and Tsuhan Chen and B. V. K. Vijaya Kumar},
  title     = {On Modeling Variations for Face Authentication},
  booktitle = booktitle_afgr,
  address = address_afgr02,
  month = month_afgr02,
  year      = {2002},
  pages     = {384--389}
}


@inproceedings{Liu2003a,
  author    = {Xiaoming Liu and Tsuhan Chen},
  title     = {Video-Based Face Recognition Using Adaptive {H}idden {M}arkov {M}odels},
  booktitle = booktitle_cvpr,
  address   = address_cvpr03,
  month     = month_cvpr03,
  year      = 2003,
  volume    = 1,
  pages     = {340--345}
}

@article{Liu2003b,
  author    = {Xiaoming Liu and Tsuhan Chen and B. V. K. Vijaya Kumar},
  title     = {Face authentication for multiple subjects using eigenflow},
  journal   = journal_pr,
  volume    = {36},
  number    = {2},
  year      = {2003},
  pages     = {313--328}
}

  %note      = {Special Issue on Biometrics},

@article{Liu2003c,
  author    = {Xiaoming Liu and Tsuhan Chen and Susan M. Thornton},
  title     = {Eigenspace updating for non-stationary process and its application to face recognition},
  journal   = journal_pr,
  volume    = {36},
  number    = {9},
  year      = {2003},
  pages     = {1945--1959}
}
%note      = {Special Issue on Kernel and Subspace Methods for Computer Vision},

@inproceedings{Liu2003d,
  author    = {Xiaoming Liu and Tsuhan Chen},
  title     = {Geometry-assisted statistical modeling for face mosaicing},
  booktitle = booktitle_icip,
  address   = address_icip03,
  month     = month_icip03,
  volume    = 2,
  year      = {2003},
  pages     = {883--886}
}

@PhdThesis{Liu2004,
author = {Xiaoming Liu},
title = {Pose Robust Video-Based Face Recognition},
school = {Carnegie Mellon University},
year = {2004},
address = {Pittsburgh, PA},
month = {October}
}

@inproceedings{Liu2005,
 author = {Xiaoming Liu and Tsuhan Chen},
 title = {Pose-Robust Face Recognition Using Geometry Assisted Probabilistic Modeling},
 booktitle = booktitle_cvpr,
 address   = address_cvpr05,
 month     = month_cvpr05,
 year = 2005,
 volume = 1,
 pages = {502--509}
}

@inproceedings{Liu2005b,
 author = {Xiaoming Liu and Peter Tu and Jens Rittscher and Amitha Perera and Nils Krahnstoever},
 title = {Detecting And Counting People In Surveillance Applications},
 booktitle = booktitle_avss,
 address   = address_avss05,
 month     = month_avss05,
 year = 2005
}

@inproceedings{Liu2006a,
 author = {Xiaoming Liu and Jens Rittscher and Tsuhan Chen},
 title = {Optimal Pose for Face Recognition},
 booktitle = booktitle_cvpr,
 address   = address_cvpr06,
 month     = month_cvpr06,
 year = 2006,
 volume = 2,
 pages = {1439--1446}
}

@inproceedings{Liu2006b,
 author = {Xiaoming Liu and Peter Tu and Frederick Wheeler},
 title = {Face Model Fitting on Low Resolution Images},
 booktitle = booktitle_bmvc,
 address   = address_bmvc06,
 month     = month_bmvc06,
 year = 2006,
 volume = 3,
 pages = {1079--1088}
}

@inproceedings{Liu2007a,
	author = {Xiaoming Liu},
	title = {Generic Face Alignment using Boosted Appearance Model},
	booktitle = booktitle_cvpr,
	address = address_cvpr07,
	month   = month_cvpr07,
	year = {2007}
}

@inproceedings{Liu2007b,
	author = {Xiaoming Liu and Ting Yu},
	title = {Gradient Feature Selection for Online Boosting},
	booktitle = booktitle_iccv,
	address = address_iccv07,
	month   = month_iccv07,
	year = {2007},
	pages = {1--8},
}

@inproceedings{Liu2007c,
 author = {Xiaoming Liu and Frederick Wheeler and Peter Tu},
 title = {Improved Face Model Fitting on Video Sequences},
 booktitle = booktitle_bmvc,
 address   = address_bmvc07,
 month     = month_bmvc07,
 year = 2007
}

@inproceedings{Liu2007d,
 author = {Xiaoming Liu and Tsuhan Chen},
 title = {Face Mosaicing for Pose Robust Video-Based Recognition},
 booktitle = booktitle_accv,
 address = address_accv07,
 month   = month_accv07,
 year = 2007
}

@inproceedings{Liu2007e,
  author = {Xiaoming Liu and Nils Krahnstoever and Ting Yu and Peter Tu},
  title = {What are customers looking at?},
  booktitle = booktitle_avss,
  address   = address_avss07,
  month     = month_avss07,
  pages = {405--410},
  year = 2007
}

@article{Liuc2007,
 author = {Ce Liu and Heung-Yeung Shum and William T. Freeman},
 title = {Face Hallucination: Theory and Practice},
 journal = journal_ijcv,
 volume = 75,
 number = 1,
 pages = {115--134},
 month = {October},
 year = 2007
}

@inproceedings{Wu2008,
 author = {Hao Wu and Xiaoming Liu and Doretto, Gianfranco},
 title = {Face Alignment via Boosted Ranking Models},
 booktitle = booktitle_cvpr,
 address = address_cvpr08,
 month   = month_cvpr08,
 year = 2008
}

@inproceedings{Liu2008a,
	author = {Xiaoming Liu and Ting Yu and Thomas Sebastian and Peter Tu},
	title = {Boosted Deformable Model for Human Body Alignment},
	booktitle = booktitle_cvpr,
	address = address_cvpr08,
	month   = month_cvpr08,
	year = {2008},
	pages = {1--8}
}


@article{Liu2008b,
 author = {Xiaoming Liu},
 title = {Discriminative Face Alignment},
 journal =journal_pami,
 volume = 31,
 number = 11,
 pages = {1941--1954},
 year = 2009
}

@inproceedings{Liu2009b,
 author = {Xiaoming Liu and Yan Tong and Frederick W. Wheeler},
 title = {Simultaneous Alignment and Clustering for an Image Ensemble},
 booktitle = booktitle_iccv,
 address = address_iccv09,
 month = month_iccv09,
 year = 2009
}

% previously named Liu2008c
@article{Liu2010a,
 author = {Xiaoming Liu},
 title = {Video-based Face Model Fitting using Adaptive Active Appearance Model},
 journal = journal_ivc,
 volume = 28,
 number = 7,
 pages = {1162--1172},
 year = 2010,
}
% month = {July},


@inproceedings{Liu2010b,
 author = {Xiaoming Liu and Yan Tong and Frederick W. Wheeler and Peter H. Tu},
 title = {Facial Contour Labeling via Congealing},
 booktitle = booktitle_eccv,
 address = address_eccv10,
 month = month_eccv10,
 year = 2010
}


@inproceedings{liu2010fast,
  title={Fast directional {C}hamfer matching},
  author={Liu, Ming-Yu and Tuzel, Oncel and Veeraraghavan, Ashok and Chellappa, Rama},
  booktitle=booktitle_cvpr,
  pages={1696--1703},
  year={2010},
  organization={IEEE}
}

@inproceedings{Liu2011,
 author = {Xiaoming Liu},
 title = {Optimal Gradient Pursuit for Face Alignment},
 booktitle = booktitle_afgr,
 address = address_afgr11,
 month   = month_afgr11,
 year = 2011
}


@inproceedings{Liu2012,
 author = {Xiaoming Liu and Pavan Annangi and Mithun Gupta and Bing Yu and Dirk Padfield and Jyotirmoy Banerjee and Kajoli Krishnan},
 title = {Learning-based Scan Plane Identification From Fetal Head Ultrasound Images},
 booktitle = {Proceedings of the SPIE Medical Imaging on Ultrasonic Imaging, Tomography, and Therapy},
 address = {San Diego, California},
 month   = February,
 year = 2012
}

@article{LiuYX2010,
  author    = {Yanxi Liu and
               Hagit Hel-Or and
               Craig S. Kaplan and
               Luc J. Van Gool},
  title     = {Computational Symmetry in Computer Vision and Computer Graphics},
  journal   = journal_ftcgv,
  volume    = {5},
  number    = {1-2},
  year      = {2010},
  pages     = {1-195}
}


@article{Logie1987,
 author = {R. Logie and A. Baddeley and M. Woodhead},
 title = {Face recognition, pose and ecological validity},
 journal = {Applied Cognitive Psychology},
 volume = 1,
 pages = {53--69},
 year = 1987
}

@InProceedings{lorensen-1987,
  author =       {William E Lorensen and Harvey E Cline},
  title =        {Marching cubes: A high resolution 3{D} surface
                  construction algorithm},
  booktitle =    {Computer Graphics},
  pages =        {163 -- 169},
  year =         1987,
  volume =       21,
  publisher =    {ACM}
}

@Article{Lorenz-2000,
  author =       {C. Lorenz and N. Krahnstoever},
  title =        {Generation of Point-Based 3{D} Statistical Shape Models for Anatomical Objects},
  journal =      journal_cviu,
  year =         2000,
  volume =       77,
  pages =        {175--181}
}

@article{Lowe2004,
 author = {David G. Lowe},
 title = {Distinctive image features from scale-invariant keypoints},
 journal = journal_ijcv,
 volume = 60,
 number = 2,
 pages = {91--110},
 year = 2004
}

@inproceedings{lu2003using,
  title={Using multiple cues for hand tracking and model refinement},
  author={Lu, Shan and Metaxas, Dimitris and Samaras, Dimitris and Oliensis, John},
  booktitle=booktitle_cvpr,
  volume={2},
  pages={II--443},
  year={2003},
  organization={IEEE}
}

@inproceedings{Lucas1981,
  author = {B.D. Lucas and T. Kanade},
  title = {An Iterative Technique of Image Registration and Its Application to Stereo},
  booktitle = "Proc. 7th International Joint Conference on Artificial Intelligence, Vancouver, Canada",
  pages = {674--679},
  year = 1981
}

@incollection{Lucey2007,
   author = "Simon Lucey and Ahmed Bilal Ashraf and Jeffrey Cohn",
   editor = "K. Kurihara",
   title = "Investigating Spontaneous Facial Action Recognition through {AAM} Representations of the Face",
   booktitle = "Face Recognition Book",
   publisher = "Pro Literatur Verlag",
   address = "Mammendorf, Germany",
   month = "April",
   year = "2007"
}

@article{lucey2013fourier,
  title={Fourier lucas-kanade algorithm},
  author={Lucey, Simon and Navarathna, Rajitha and Ashraf, Ahmed Bilal and Sridharan, Sridha},
   journal = journal_pami,
  volume={35},
  number={6},
  pages={1383--1396},
  year={2013},
  publisher={IEEE}
}

@article{Lundberg2005,
   author = "Vidar Lundberg and Erik Normann Steen and Jorgen Maehle and Arve Stavo",
   title = "Methods and apparatus for defining a protocol for ultrasound imaging",
   journal = "US Patent Issued number 0281444",
   month = "December",
   year = "2005"
}

@inproceedings{luo2012hierarchical,
  title={Hierarchical face parsing via deep learning},
  author={Luo, Ping and Wang, Xiaogang and Tang, Xiaoou},
   booktitle = booktitle_cvpr,
  pages={2480--2487},
  year={2012},
  organization={IEEE}
}


@article{Kakadiaris2007,
   author = {I.A. Kakadiaris and G. Passalis and G. Toderici and N. Murtuza and Y. Lu and N. Karampatziakis and T. Theoharis},
   title = "Three-dimensional face recognition in the presence of facial expressions: An annotated deformable model approach",
   journal = journal_pami,
   volume = "29",
   number = "4",
   pages = "640--649",
   year = "2007"
}

@inproceedings{kalka2006image,
  title={Image quality assessment for iris biometric},
  author={Kalka, Nathan D and Zuo, Jinyu and Schmid, Natalia A and Cukic, Bojan},
  booktitle={Defense and Security Symposium},
  pages={62020D--62020D},
  year={2006},
  organization={International Society for Optics and Photonics}
}

@inproceedings{kanade2003,
  author = {T. Kanade and A. Yamada},
  title = {Multi-subregion Based Probabilistic Approach toward Pose-invariant Face Recognition},
  booktitle = cira03,
  year = 2003,
  volume = 2,
  pages = {954--959}
}


@techreport{Kasinski2009,
author = {Andrzej Kasinski and Andrzej Florek and Adam Schmidt},
title = {The {PUT} Face Database},
institution = {Poznan University of Technology},
month = {June},
year = {2009},
address = {Poznan, Poland}
}


@book{Kelly2010,
  author = {Andrew Kelly},
  title = {Cracking Passwords using Keyboard Acoustics and Language Modeling},
  series = {Master thesis, University of Edinburgh},
  year = {2010},
}

@misc{keyboard,
    note = {\url{http://en.wikipedia.org/wiki/Computer_keyboard}}
}


@inproceedings{Koterba2005,
   author = {Seth C. Koterba and Simon Baker and Iain Matthews and Changbo Hu and Jing Xiao and Jeffrey Cohn and Takeo Kanade},
   title = {Multi-View {AAM} Fitting and Camera Calibration},
   booktitle = booktitle_iccv,
   address = address_iccv05,
   month = month_iccv05,
   year = 2005,
   volume = 1,
   pages = {511--518}
}


@article{Krouse1981,
 author = {F. L. Krouse},
 title = {Effects of pose, pose change, and delay on face recognition performance},
 journal = {Journal of Applied Psychology},
 volume = 66,
 pages = {651--654},
 year = 1981
}

@incollection{ma2010boosting,
  title={Boosting {C}hamfer matching by learning {C}hamfer distance normalization},
  author={Ma, Tianyang and Yang, Xingwei and Latecki, Longin Jan},
  booktitle=booktitle_eccv,
  pages={450--463},
  year={2010},
  publisher={Springer}
}

@inproceedings{Maccormick2000,
    author = {Mac{C}ormick, John and Isard, Michael},
    title = {Partitioned Sampling, Articulated Objects, and interface-quality hand tracking},
   booktitle = booktitle_eccv,
   address = address_eccv00,
   month = month_eccv00,
   year = {2000},
}

@article{manduchi2005obstacle,
  title={Obstacle detection and terrain classification for autonomous off-road navigation},
  author={Manduchi, Roberto and Castano, Andres and Talukder, Ashit and Matthies, Larry},
  journal={Autonomous robots},
  volume={18},
  number={1},
  pages={81--102},
  year={2005},
  publisher={Springer}
}

@misc{MBGC2008,
    title = {{NIST} Multiple Biometric Grand Challenge 2nd Workshop},
    month = {December},
    year = 2008,
    note = {\url{http://face.nist.gov/mbgc/mbgc_presentations.htm}}
}

@article{Martinez2001,
    author = {Aleix M. Martinez and Avinash C. Kak},
    title = {{PCA} versus {LDA}},
    journal = journal_pami,
    volume = {23},
    number = {2},
    month = feb,
    year = {2001},
    pages = {228--233}
}

@inproceedings{Matthews2003,
   author = {Iain Matthews and Takahiro Ishikawa and Simon Baker},
   title = {The Template Update Problem},
   booktitle = booktitle_bmvc,
   month = month_bmvc03,
   year = 2003
}

@article{Matthews2004,
   author = {Iain Matthews and Simon Baker},
   title = "Active Appearance Models Revisited",
   journal = journal_ijcv,
   volume = "60",
   number = "2",
   pages = "135--164",
   year = "2004"
}
% month = "November",

@book{macmahon1983size,
  title={On size and life},
  author={MacMahon, Thomas A and Bonner, John Tyler},
  year={1983},
  publisher={Scientific American Books}
}

@inproceedings{Meltzer2008,
  author = {J. Meltzer and S. Soatto},
  title = {Edge Descriptors for Robust Wide-Baseline Correspondence},
  booktitle = booktitle_cvpr,
  year = 2008
}


@book{Meir2003,
   author = {R. Meir and G. R{\"a}tsch},
   title = "An introduction to boosting and leveraging",
   series = "S. Mendelson and A. Smola, Editors, Advanced Lectures on Machine Learning, LNAI 2600",
   year = "2003",
   publisher = {Springer},
   pages = {118--183}
}

@article{meytlis2007dimensionality,
  title={On the dimensionality of face space},
  author={Meytlis, Marsha and Sirovich, Lawrence},
  journal= journal_pami,
  volume={29},
  number={7},
  pages={1262--1267},
  year={2007},
  publisher={IEEE}
}

@inproceedings{Monrose1997,
 author = {Monrose, Fabian and Rubin, Aviel},
 title = {Authentication via keystroke dynamics},
 booktitle = {Proceedings of the 4th ACM conference on Computer and communications security},
 year = {1997},
 pages = {48--56}
 } 

@article{monrose2002,
  title={Password hardening based on keystroke dynamics},
  author={Monrose, F. and Reiter, M.K. and Wetzel, S.},
  journal={International Journal of Information Security},
  volume={1},
  number={2},
  pages={69--83},
  year={2002},
  publisher={Springer}
}

@inproceedings{montillo2013parsing,
  title={Parsing radiographs by integrating landmark set detection and multi-object active appearance models},
  author={Montillo, Albert and Song, Qi and Liu, Xiaoming and Miller, James V},
  booktitle={SPIE Medical Imaging},
  pages={86690H--86690H},
  year={2013},
  organization={International Society for Optics and Photonics}
}

@incollection{mian2006,
  title={2{D} and 3{D} multimodal hybrid face recognition},
  author={Mian, Ajmal and Bennamoun, Mohammed and Owens, Robyn},
  booktitle={Computer Vision--ECCV 2006},
  pages={344--355},
  year={2006},
  publisher={Springer}
}

@inproceedings{Michael2010,
  author = {Nicholas Michael and Carol Neidle and Dimitris Metaxas},
  title = {Computer-based recognition of facial expressions in ASL: from face tracking to linguistic interpretation},
  booktitle = {Proc. of the 4th Workshop on the Representation and Processing of Sign Languages: Corpora and Sign Language Technologies},
  month= {May},
  year = 2010
}

@inproceedings{Miller2000,
  author = {E. Miller and N. Matsakis and P. Viola},
  title = {Learning from one example through shared densities on transforms},
  booktitle = booktitle_cvpr,
  volume = 1,
  pages  = {464--471},
  year = 2000
}

@article{Miller2006,
 author = {Erik Learned-Miller},
 title = {Data driven image models through continuous joint alignment},
 journal = journal_pami,
 volume = 28,
 number = 2,
 pages = "236--250",
 year = 2006
}

@article{Minervini2015,
   author = "Massimo Minervini and Hanno Scharr and Sotirios A. Tsaftaris",
   title = "Image analysis: the new bottleneck in plant phenotyping",
   journal = "To appear in: IEEE Signal Processing Magazine",
   year = "2015"
}

@article{Mitchell2002,
    author={S. Mitchell and J. Bosch and B. Lelieveldt and R. van der Geest and J. Reiber and M. Sonka},
    title = "3-{D} Active Appearance Models: Segmentation of Cardiac MR and Ultrasound Images",
    journal = journal_t-mi,
    volume =  21,
    number = 9,
    pages = "1167--1178",
    year = "2002"
}

@article{Mitra2007,
    author={Mitra, S.},
    title = "Gesture recognition: A survey",
    journal = journal_p-smc-c,
    volume =  {37},
    number = {3},
    year = {2007},
    pages = {311--324},
}

@inproceedings{Mori2004,
  author = {Greg Mori and Xiaofeng Ren and Alexei A. Efros and Jitendra Malik},
  title = {Recovering Human Body Configurations: Combining Segmentation and Recognition},
  booktitle = booktitle_cvpr,
  volume = 2,
  year = 2004,
  pages = {326--333}
}

@inproceedings{Mouine2012,
 author = {Mouine, Sofiene and Yahiaoui, Itheri and Verroust-Blondet, Anne},
 title = {Advanced Shape Context for Plant Species Identification Using Leaf Image Retrieval},
 booktitle = booktitle_icmr,
 year = {2012},
 isbn = {978-1-4503-1329-2},
 address = address_icmr12,
 pages = {49:1--49:8},
 articleno = {49},
 numpages = {8},
 url = {http://doi.acm.org/10.1145/2324796.2324853},
 doi = {10.1145/2324796.2324853},
 acmid = {2324853},
 publisher = {ACM},
 keywords = {image retrieval, plant species identification, shape context},
} 


@inproceedings{Mustafic2011,
  author = {Mustafic, T. and Camtepe, S.A. and Albayrak, S. },
  title = {Continuous and non-intrusive identity verification in real-time environments based on free-text keystroke dynamics},
  booktitle = booktitle_ijcb,
  address = address_ijcb11,
  month = month_ijcb11,
  year = {2011},
}

@inproceedings{Nakakuni2008,
 author = {Nakakuni, Masanori and Dozono, Hiroshi and Itou, Shinsuke},
 title = {Adaptive Authentication System for Behavior Biometrics Using Supervised Pareto Self Organizing Maps},
 booktitle = {Proc. of the 10th WSEAS International Conference on Mathematical Methods, Computational Techniques and Intelligent Systems},
 series = {MAMECTIS'08},
 year = {2008},
 isbn = {978-960-474-012-3},
 location = {Corfu, Greece},
 pages = {277--282},
 numpages = {6},
 address = {Stevens Point, Wisconsin, USA},
 keywords = {biometric authentication, incremental learning, self organizing map, supervised learning},
} 
% publisher = {World Scientific and Engineering Academy and Society (WSEAS)},

@inproceedings{Nair2004,
  author = {V. Nair and J. Clark},
  title = {An unsupervised, online learning framework for moving object detection},
  booktitle = booktitle_cvpr,
  volume = 2,
  year = 2002,
  pages = {317--324}
}

@incollection{nasrollahi2008face,
  title={Face quality assessment system in video sequences},
  author={Nasrollahi, Kamal and Moeslund, Thomas B.},
  booktitle={Biometrics and Identity Management},
  pages={10--18},
  year={2008},
  publisher={Springer}
}

@BOOK{NRC_Forensic,
	author		= {National Research Council},
	title		= {Strengthening Forensic Science in the United States: A Path Forward},
	year		= {2009},
	publisher	= {The National Academies Press},
	address		= {Washington, DC},
}


@inproceedings{Nguyen2008,
   author = "Minh Hoai Nguyen and Fernando De la Torre Frade",
   title = "Learning Image Alignment without Local Minima for Face Detection and Tracking",
   booktitle = booktitle_bmvc,
   address = address_bmvc08,
   year = "2008",
}

@inproceedings{NguyenT2008,
author={Tan Dat Nguyen and Ranganath, S.},
booktitle=booktitle_afgr,
title={Tracking facial features under occlusions and recognizing facial expressions in sign language},
year={2008},
month=month_afgr08,
pages={1-7}
}

@book{Nicolo2006,
  author = {Francesco P. Nicol\`o},
  title = {Recognition Capacity of Biometric-Based Systems},
  series = {Master thesis, West Virginia University},
  year = {2006},
}

@article{Niinuma2010,
 author = {Niinuma, Koichiro and Park, Unsang and Jain, Anil K.},
 title = {Soft biometric traits for continuous user authentication},
 journal = journal_t-ifs,
 volume = {5},
 number = {4},
 month = dec,
 year = {2010},
 pages = {771--780},
 issn = {1556-6013},
 numpages = {10},
 url = {http://dx.doi.org/10.1109/TIFS.2010.2075927},
 doi = {10.1109/TIFS.2010.2075927},
 acmid = {1922157},
 publisher = {IEEE Press},
 address = {Piscataway, NJ, USA},
 keywords = {Biometrics recognition, biometrics recognition, color histogram, continuous user authentication, face recognition, fusion, soft biometrics, system login},
} 

@misc{NISTballisticsDB,
    note = {\url{http://www.nist.gov/forensics/ballisticsdb}}
}

@inproceedings{Okada2002,
  author = {K. Okada and C. von der Malsburg},
  title = {Pose-Invariant Face Recognition with Parametric Linear Subspaces},
  booktitle = booktitle_afgr,
  year = 2002,
  pages = {64--69}
}

@ARTICLE{Ong2005,
author={Ong, S.C.W. and Ranganath, S.},
title={Automatic sign language analysis: a survey and the future beyond lexical meaning},
journal=journal_pami,
year={2005},
month=jun,
volume={27},
number={6},
pages={ 873 - 891}
}

@inproceedings{Opelt2004,
        author = "Opelt, A. and Fussenegger, M. and Pinz, A. and Auer, P.",
        title = "Weak Hypotheses and Boosting for Generic Object Detection and Recognition",
        booktitle = booktitle_eccv,
        year = "2004",
        volume = "2",
        pages = "71--84"
}

@inproceedings{Osswald2011, 
author={Osswald, S. and Gutmann, J.-S. and Hornung, A. and Bennewitz, M.}, 
booktitle={Humanoid Robots (Humanoids), 2011 11th IEEE-RAS International Conference on}, 
title={From {3D} point clouds to climbing stairs: A comparison of plane segmentation approaches for humanoids}, 
year={2011}, 
pages={93-98}
}

@inproceedings{Oza2001,
    author = "N. Oza and S. Russell",
    title = "Experimental comparisons of online and batch versions of bagging and boosting",
    booktitle = "Proc. 7th ACM SIGKDD International Conference on Knowledge Discovery and Data Mining",
    year = "2001",
    pages = "359--364"
}

@book{Oza2001,
  author = {Nikunj C. Oza},
  title = {Online Ensemble Learning},
  series = {Ph.D. thesis, University of California, Berkeley},
  year = 2001
}

@inproceedings{Ozay2009,
    author = "Necmiye Ozay and Yan Tong and Frederick W. Wheeler and Xiaoming Liu",
    title = "Improving Face Recognition with a Quality-based Probabilistic Framework",
    booktitle = booktitle_cvprw,
    address = address_cvprw09,
    month = month_cvprw09,
    year = "2009"
}

@book{Palmer1981,
  author = {S.E. Palmer and E. Rosch and P. Chase},
  title = {Canonical perspective and the perception of objects},
  series = {J. Long and A. Baddeley(Eds), Attention and Performance},
  number = {9},
  publisher = {Erlbaum Hillsdale, NJ},
  pages = {135--151},
  year = 1981
}


@inproceedings{Parag2008,
author = {Toufiq Parag and Fatih Porikli and Ahmed Elgammal},
title = {Boosting Adaptive Linear Weak Classifiers for Online Learning and Tracking},
booktitle = booktitle_cvpr,
year = {2008}
}

@inproceedings{Papageorgiou1998,
  author = {C. P. Papageorgiou and M. Oren and T. Poggio},
  title = {A General Framework for Object Detection},
  booktitle = booktitle_iccv,
  pages = {555--562},
  year = 1998
}

@inproceedings{Papageorgiou1999,
  author = {C. P. Papageorgiou and T. Poggio},
  title = {Trainable pedestrian detection},
  booktitle = booktitle_icip,
  volume = 4,
  pages = {35--39},
  year = 1999
}

@inproceedings{Park2007,
author = {Sung Won Park and Marios Savvides},
title = {Locality preserving projections as a new manifold analysis approach for robust face super-resolution},
booktitle = {SPIE Proceedings Vol. 6539, Biometric Technology for Human Identification IV},
year = {2007},
editor = {Salil Prabhakar and Arun A. Ross},
month = {April},
}

@inproceedings{Park2008,
author = {Sung Won Park and Jingu Heo and Marios Savvides},
title = {3{D} face econstruction from a single 2{D} face image},
booktitle = booktitle_cvprw,
year = 2008
}

@inproceedings{Pavlidis2000,
author = {I. Pavlidis and J. Levine and P. Baukol},
title = {Thermal imaging for anxiety detection},
booktitle = {Workshop on Computer Vision Beyond the Visible Spectrum: Methods and Applications},
pages = {104--109},
year = {2000}
}

@article{Pavlidis2002,
 author = {I. Pavlidis and N.L. Eberhardt and J. Levine},
 title = {Human behavior: seeing through the face of deception},
 journal = {Nature},
 volume = 415,
 number = 6867,
 pages = {35},
 month = {January},
 year = 2002
}

@inproceedings{penev2000global,
  title={The global dimensionality of face space},
  author={Penev, Penio S and Sirovich, Lawrence},
  booktitle=booktitle_afgr,
  pages={264--270},
  year={2000},
  organization={IEEE}
}

@techreport{Phillips2002,
 author = {P.J. Phillips and P. Grother and R.J. Micheals and D.M. Blackburn and E. Tabassi and J.M. Bone},
 title = {Face Recognition Vendor Test ({FRVT}) 2002: Evaluation Report},
 institution = {NIST},
 year = {2003},
 month = {March}
}


@article{Phillips2000,
 author = {P. J. Phillips and H. Moon and P. J. Rauss and S. Rizvi},
 title = {The {FERET} evaluation methodology for face recognition algorithms},
 journal = journal_pami,
 volume = 22,
 number = 10,
 pages = {1090--1104},
 year = 2000
}
%  month = {October},

@inproceedings{Phillips2005,
author = {P. Jonathon Phillips and Patrick J. Flynn and Todd Scruggs and Kevin W. Bowyer and Jin Chang and Kevin Hoffman and Joe Marques and Jaesik Min and William Worek},
title = {Overview of the face recognition grand challenge},
booktitle = booktitle_cvpr,
 month = month_cvpr05,
 address = address_cvpr05,
year = {2005},
volume = {I},
pages = {947--954}
}

@inproceedings{Phillips2006,
author = {P.J. Phillips and P.J. Flynn and T. Scruggs and K.W. Bowyer and W. Worek},
title = {Preliminary Face Recognition Grand Challenge Results},
booktitle = booktitle_afgr,
 month = month_afgr06,
 address = address_afgr06,
pages = {15--24},
year = {2006}
}

@techreport{Phillips2006b,
author = {P. Jonathon Phillips and W. Todd Scruggs and Alice J. O{'}Toole and Patrick J. Flynn and Kevin W. Bowyer and Cathy L. Schott and Matthew Sharpe},
title = {{FRVT} 2006 and {ICE} 2006 Large-Scale Results},
institution = {NIST},
year = {2007},
number ={NISTIR 7408},
month = {March},
}

@inproceedings{Phillips2009,
 author = {Phillips, P. Jonathon and Flynn, Patrick J. and Beveridge, J. Ross and Scruggs, W. Todd and O'Toole, Alice J. and Bolme, David and Bowyer, Kevin W. and Draper, Bruce A. and Givens, Geof H. and Lui, Yui Man and Sahibzada, Hassan and Scallan,Iii, Joseph A. and Weimer, Samuel},
 title = {Overview of the Multiple Biometrics Grand Challenge},
 booktitle = booktitle_icb,
 year = {2009},
 pages = {705--714}
} 


@inproceedings{Pierrard2007,
 author = {Jean-Sebastien Pierrard and Thomas Vetter},
 title = {Skin Detail Analysis for Face Recognition},
 booktitle = booktitle_cvpr,
 month = month_cvpr07,
 address = address_cvpr07,
 year = 2007
}

@INPROCEEDINGS{Pinto2009, 
author={Pinto, N. and DiCarlo, J.J. and Cox, D.D.}, 
booktitle=booktitle_cvpr, 
title={How far can you get with a modern face recognition test set using only simple features?}, 
year={2009}, 
pages={2591-2598}
}

@misc{pittpatt,
	 note = {PittPatt Software Developer Kit, \url{http://www.pittpatt.com}},
	year = {2011},
}


@article{renface,
  title = {Face Alignment at 3000 FPS via Regressing Local Binary Features},
  author = {Ren, Shaoqing and Cao, Xudong and Wei, Yichen and Sun, Jian},
  booktitle = booktitle_cvpr, 
  year = {2014},
}

@article{Rolfe2001,
 author = {B. Rolfe and M. Cardew-Hall and S. Abdallah and G. West},
 title = {Geometric shape errors in forging: developing a metric and an inverse model},
 journal = {Proceedings of The Institution of Mechanical Engineers Part B- Journal of Engineering Manufature},
 volume = 215,
 number = 9,
 pages = {1229--1240},
 year = 2001
}

@misc{RUROA,
    note = {\url{http://www.cse.msu.edu/Students/Current_Undergrad/RosenblumAward.php}}
}


@inproceedings{Porikli2005,
   author = "F. Porikli",
   title = "Integral histogram: A fast way to extract histograms in cartesian spaces",
   booktitle = booktitle_cvpr,
   month = month_cvpr05,
   address = address_cvpr05,
   volume = 1,
   pages = {829--836},
   year = "2005"
}

@article{Portilla2000,
 author = {J. Portilla and E. Simoncelli},
 title = {A parametric texture model based on joint statistic of complex wavelet coefficients},
 journal = journal_ijcv,
 volume = 40,
 pages = {49--70},
 year = 2000
}

@inproceedings{Quan2006,
	author = {Quan, Long and Tan, Ping and Zeng, Gang and Yuan, Lu and Wang, Jingdong and Kang, Sing Bing},
	title = {Image-based Plant Modeling},
	booktitle = {ACM SIGGRAPH},
	year = {2006},
	isbn = {1-59593-364-6},
	address = {Boston, Massachusetts},
	pages = {599--604},
	numpages = {6},
	url = {http://doi.acm.org/10.1145/1179352.1141929},
	doi = {10.1145/1179352.1141929},
	acmid = {1141929},
	publisher = {ACM},
	keywords = {image-based modeling, photography, plant modeling, tree modeling},
} 


@article{Rabiner1989,
 author = {Rabiner, L.R. },
 title = {A tutorial on {H}idden {M}arkov {M}odels and selected applications in speech recognition},
 journal = p-ieee,
 volume = 77,
 number = 2,
 pages = {257--286},
 year = 1989
}

@inproceedings{ramanan2003,
  title={Finding and tracking people from the bottom up},
  author={Ramanan, Deva and Forsyth, David A},
  booktitle=booktitle_cvpr,
  volume={2},
  pages={II--467},
  year={2003}
}


@inproceedings{Ramanan2006,
   author = "Deva Ramanan and Cristian Sminchisescu",
   title = "Training Deformable Models for Localization",
   booktitle = booktitle_cvpr,
   month = month_cvpr06,
   address = address_cvpr06,
   volume = 1,
   pages = {206--213},
   year = "2006"
}

@inproceedings{Ren2005,
   author = "Xiaofeng Ren and Alexander C. Berg and Jitendra Malik",
   title = "Recovering Human Body Configurations Using Pairwise Constraints between Parts",
   booktitle = booktitle_iccv,
   month = month_iccv05,
   address = address_iccv05,
   volume = 1,
   pages = {824--831},
   year = "2005"
}

@inproceedings{ren2014face,
  title={Face alignment at 3000 fps via regressing local binary features},
  author={Ren, Shaoqing and Cao, Xudong and Wei, Yichen and Sun, Jian},
   booktitle = booktitle_cvpr,
  pages={1685--1692},
  year={2014},
  organization={IEEE}
}

@inbook{Revett2008,
   author = {Revett, Kenneth and Jahankhani, Hamid and Sérgio Tenreiro de Magalh\~{a}es and Santos, Henrique M. D.},
   chapter = {A Survey of User Authentication Based on Mouse Dynamics},
   title = {Global E-Security},
   series = {Communications in Computer and Information Science},
   editor = {Jahankhani, Hamid and Revett, Kenneth and Palmer-Brown, Dominic},
   publisher = {Springer Berlin Heidelberg},
   isbn = {978-3-540-69403-8},
   pages = {210-219},
   volume = {12},
   year = {2008}
}

@inproceedings{Rittscher2005,
 author = {J. Rittscher and P. Tu and N. Krahnstoever},
 title = {Simultaneous estimation of segmentation and shape},
 booktitle = booktitle_cvpr,
 month = month_cvpr05,
 address = address_cvpr05,
 year = 2005
}

@inproceedings{Roth2013,
 author = {Joseph Roth and Xiaoming Liu and Arun Ross and Dimitris Metaxas},
 title = {Biometric Authentication via Keystroke Sound},
 booktitle = booktitle_icb,
 month = month_icb13,
 address = address_icb13,
 year = 2013
}

@inproceedings{Roth2014,
 author = {Joseph Roth and Xiaoming Liu},
 title = {On Hair Recognition in the Wild},
 booktitle = booktitle_aaai,
 month = month_aaai14,
 address = address_aaai14,
 year = 2014,
}

@article{Roth2014b,
 author = {Joseph Roth and Xiaoming Liu and Dimitris Metaxas},
 title = {On Continuous User Authentication via Typing Behavior},
 journal = journal_t-ip,
 volume = {10},
 month = oct,
 year = {2014},
 pages = {4611--4624},
}

@inproceedings{Roth2015,
   author ={Joseph Roth and Yiying Tong and Xiaoming Liu},
   title = "Unconstrained 3{D} Face Reconstruction",
   booktitle = booktitle_cvpr,
   month = month_cvpr15,
   address = address_cvpr15,
   year = "2015"
}

@book{Russell2003,
  author = {Stuart J. Russell and Peter Norvig},
  title = {Artificial Intelligence: A Modern Approach (2nd Edition)},
  publisher = {Prentice Hall},
  year = 2002
}

@inproceedings{Sabuncu2008,
    author = {Sabuncu, M. R.  and Balci, S. K.  and Golland, P. },
    title = {Discovering modes of an image population through mixture modeling},
    booktitle = booktitle_miccai,
    month = month_miccai07,
    address = address_miccai07,
    pages = {381--389},
    volume = {2},
    year = {2008}
}

@article{Safdarnejad2014,
  title = {GENRE CATEGORIZATION OF AMATEUR SPORTS VIDEOS IN THE WILD},
  author = {Safdarnejad, Seyed Morteza and Liu, Xiaoming and Udpa, Lalita},
  booktitle = booktitle_icip,
  month = month_icip14,
  address = address_icip14,
  year = {2014}
}

@article{Safdarnejad2015,
  title = {Sports Videos in the Wild (SVW): A Video Dataset for Sports Analysis},
  author = {Seyed Morteza Safdarnejad and Xiaoming Liu and Lalita Udpa and  Brooks Andrus and John Wood and Dean Craven},
  booktitle = booktitle_afgr,
  month = month_fg15,
  address = address_fg15,
  year = {2015}
}

@incollection{sanchez2012continuous,
  title={Continuous regression for non-rigid image alignment},
  author={S{\'a}nchez-Lozano, Enrique and De la Torre, Fernando and Gonz{\'a}lez-Jim{\'e}nez, Daniel},
   booktitle = booktitle_eccv,
  pages={250--263},
  year={2012},
  publisher={Springer}
}

@inproceedings{Saragih2007,
   author = "Jason Saragih and Roland Goecke",
   title = "A Nonlinear Discriminative Approach to {AAM} Fitting",
   booktitle = booktitle_iccv,
   month = month_iccv07,
   address = address_iccv07,
   year = "2007"
}

@inproceedings{Saragih2009a,
   author = "Jason M. Saragih and Simon Lucey and Jeffrey Cohn",
   title = "Face Alignment through Subspace Constrained Mean-Shifts",
   booktitle = "International Conference of Computer Vision (ICCV)",
   month = "September",
   year = "2009"
}

@inproceedings{Saragih2009b,
   author = "Jason M. Saragih and Simon Lucey and Jeffrey Cohn",
   title = "Deformable Model Fitting with a Mixture of Local Experts",
   booktitle = "International Conference on Computer Vision (ICCV)",
   month = "September",
   year = "2009"
}


@article{satta2013appearance,
  title={Appearance Descriptors for Person Re-identification: a Comprehensive Review},
  author={Satta, Riccardo},
  journal={arXiv preprint arXiv:1307.5748},
  year={2013}
}

@InProceedings{Savarese2008,
  author =  {Savarese, Silvio and Del{P}ozo, Andrey and Niebles, Juan Carlos and Fei-fei, Li},
  title =   {Spatial-Temporal correlatons for unsupervised action classification},
  booktitle =  "IEEE Workshop on Motion and video Computing",
  address = {Washington, DC},
  month = jan,
  year =    "2008",
  pages = {1--8},
  URL =     "http://dx.doi.org/10.1109/WMVC.2008.4544068",
  bibsource =   "http://www.visionbib.com/bibliography/motion-f741.html#TT65984",
}

@inproceedings{Savran2008,
   author = "A. Savran and N. Alyuz and H. Dibeklioglu and O. Celiktutan and B. Gokberk and B. Sankur and L. Akarun",
   title = "Bosphorus Database for {3D} Face Analysis",
   booktitle = "The First COST 2101 Workshop on Biometrics and Identity Management (BIOID 2008), Roskilde University, Denmark",
   month = "May",
   year = "2008"
}

@article{Schapire1999,
	author={Schapire, RobertE. and Singer, Yoram},
	title={Improved Boosting Algorithms Using Confidence-rated Predictions},
	journal={Mach. Learning},
	volume={37},
	number={3},
	year={1999},
	pages={297--336},
}


@TechReport{scharr2014annotated,
  title={Annotated image datasets of rosette plants},
  author={Scharr, Hanno and Minervini, Massimo and Fischbach, Andreas and Tsaftaris, Sotirios A}, 
  number = {FZJ-2014-03837},
  year={2014},
  publisher={Forschungszentrum Julich}
}

@inproceedings{Scheffler2011,
	title={Joint adaptive colour modelling and skin, hair and clothing segmentation using coherent probabilistic index maps},
	author={Scheffler, Carl and Odobez, Jean-Marc and Marconi, Rue},
	booktitle=booktitle_bmvc,
	year={2011},
	pages = {53.1--53.11},
}

@article{schmid2008empirical,
  title={On empirical recognition capacity of biometric systems under global {PCA} and {ICA} encoding},
  author={Schmid, Natalia A and Nicol\`o, Francesco P},
  journal=journal_t-ifs,
  volume={3},
  number={3},
  pages={512--528},
  year={2008},
  publisher={IEEE}
}

@inproceedings{Schneiderman2004a,
   author = "Henry Schneiderman",
   title = "Feature-Centric Evaluation for Efficient Cascaded Object Detection",
   booktitle = booktitle_cvpr,
   month = "June",
   year = "2004",
   publisher = "IEEE",
   volume = "2",
   pages = "29--36"
}

@article{Schneiderman2004b,
   author = "H. Schneiderman and T. Kanade",
   title = "Object finder for photographic images",
   journal = "US Patent Issued number 6,829,384",
   month = "November",
   year = "2004"
}

@inproceedings{Schneiderman2004c,
title = {Learning a Restricted {B}ayesian Network for Object Detection},
author = {Henry Schneiderman},
booktitle = booktitle_cvpr,
year = {2004},
month = {June}
}

@article{schuhmacher2008consistent,
  title={A consistent metric for performance evaluation of multi-object filters},
  author={Schuhmacher, Dominic and Vo, Ba-Tuong and Vo, Ba-Ngu},
  journal=journal_t-ra,
  volume={56},
  number={8},
  pages={3447--3457},
  year={2008},
  publisher={IEEE}
}

@article{Shahrabadi2013,
year={2013},
booktitle={Pattern Recognition and Image Analysis},
volume={7887},
series={Lecture Notes in Computer Science},
editor={Sanches, Jo√£oM. and Mic√≥, Luisa and Cardoso, JaimeS.},
title={Detection of Indoor and Outdoor Stairs},
publisher={Springer Berlin Heidelberg},
author={Shahrabadi, Somayeh and Rodrigues, JoaoM.F. and Buf, J.M.Hans},
pages={847-854}
}


@article{Shamir2008,
year={2008},
issn={0920-5691},
journal=journal_ijcv,
volume={79},
number={3},
title={Evaluation of Face Datasets as Tools for Assessing the Performance of Face Recognition Methods},
author={Shamir, Lior},
pages={225-230}
}


@article{Shanmugapriya2009,
  author    = {D. Shanmugapriya and
               G. Padmavathi},
  title     = {A Survey of Biometric keystroke Dynamics: Approaches, Security
               and Challenges},
  journal   = {Int. J. of Computer Science and Information Security},
  volume    = {5},
  number = {1},
  year      = {2009},
  pages = {115--119},
  ee        = {http://arxiv.org/abs/0910.0817},
  bibsource = {DBLP, http://dblp.uni-trier.de}
}


@article{Sherrah2001,
 author = {J. Sherrah and S. Gong and E-J. Ong.},
 title = {Face distribution in similarity space under varying head pose},
 journal = journal_ivc,
 volume = 19,
 number = 11,
 pages = {807--819},
 year = 2001
}

@inproceedings{shi2014joint,
  title={Joint Coupled-Feature Representation and Coupled Boosting for AD Diagnosis},
  author={Shi, Yinghuan and Suk, Heung-Il and Gao, Yang and Shen, Dinggang},
  booktitle=booktitle_cvpr,
  pages={2721--2728},
  year={2014}
}

@article{InternetPS14,
	author = {Boxin Shi and Kenji Inose and Yasuyuki Matsushita and Ping Tan and Sai-Kit Yeung and Katsushi Ikeuchi},
	title = {Photometric Stereo using Internet Images},
	journal = {International Conference on 3D Vision (3DV)},
	year = {2014},
}

@article{shotton2013,
  title={Real-time human pose recognition in parts from single depth images},
  author={Shotton, Jamie and Sharp, Toby and Kipman, Alex and Fitzgibbon, Andrew and Finocchio, Mark and Blake, Andrew and Cook, Mat and Moore, Richard},
  journal={Communications of the ACM},
  volume={56},
  number={1},
  pages={116--124},
  year={2013}
}

@article{Shum2000,
 author = {Heung-Yeung Shum and Richard Szeliski},
 title = {Construction of Panoramic Image Mosaics with Global and Local Alignment},
 journal = journal_ijcv,
 month = February,
 year = 2000,
 volume = 36,
 number = 2,
 pages = "101--130"
}


@inproceedings{Sidorov2009,
 author = {Kirill Sidorov and Stephen Richmond and David Marshall},
 title = {An Efficient Stochastic Approach to Groupwise Non-rigid Image Registration},
 booktitle = booktitle_cvpr,
 year = 2009
}


@inproceedings{Sigal2006,
 author = {L. Sigal and M.J. Black},
 title = {Measure Locally, Reason Globally: Occlusion-sensitive Articulated Pose Estimation},
 booktitle = booktitle_cvpr,
 colume = 2,
 pages = {2041--2048},
 year = 2006
}


@book{Sigproc_may_2003,
	editor = {K.J. Ray Liu and Moon Gi Kang and Subhasis Chaudhuri},
	title = {IEEE Signal Processing Magazine, Special edition: Super-Resolution Image Reconstruction},
	year = {2003},
	publisher = {IEEE},
	volume = {20, no. 3},
	month = may,
}



@inproceedings{Sim2001,
	author = {T. Sim and T. Kanade},
	title = {Combining Models and Exemplars for Face Recognition: An Illuminating Example},
	booktitle = {Proc. of the CVPR 2001 Workshop on Models versus Exemplars in Computer Vision},
	month = dec,
	year = {2001},
}

@article{Sim2003,
 author = {T. Sim and S. Baker and M. Bsat},
 title = {The {CMU} Pose, Illumination, and Expression Database},
 journal = journal_pami,
 volume = 25,
 number = 12,
 pages = {1615--1618},
 year = 2003
}

@article{Sim2007,
 author = {Sim, Terence and Zhang, Sheng and Janakiraman, Rajkumar and Kumar, Sandeep},
 title = {Continuous Verification Using Multimodal Biometrics},
 journal = journal_pami,
 volume = {29},
 number = {4},
 month = apr,
 year = {2007},
 issn = {0162-8828},
 pages = {687--700},
 numpages = {14},
 url = {http://dx.doi.org/10.1109/TPAMI.2007.1010},
 doi = {10.1109/TPAMI.2007.1010},
 acmid = {1263445},
 publisher = {IEEE Computer Society},
 address = {Washington, DC, USA},
 keywords = {Pattern recognition, Pattern recognition, biometrics, fusion, verification., biometrics, fusion, verification.},
} 

@inproceedings{sim2007b,
  author    = {Terence Sim and Rajkumar Janakiraman},
  title     = {Are Digraphs Good for Free-Text Keystroke Dynamics?},
  booktitle = {CVPR, Workshop on Biometrics},
  year      = {2007}
}


@article{Simoncelli1992,
 author = {E. Simoncelli and W. Freeman and E. Adelson and D. Heeger},
 title = {Shiftable multi-scale transforms},
 journal = journal_t-it,
 volume = 38,
 pages = {587--607},
 year = 1992
}

@article{SINHA1996,
 author = {Pawan Sinha and Tomaso Poggio},
 title = {I think I know that face...},
 journal = {Nature},
 volume = 384,
 issue = 6608,
 pages = {404},
 year = 1996
}


@inproceedings{Sivic2005_ICCV,
    author = {Josef Sivic and
               Bryan C. Russell and
               Alexei A. Efros and
               Andrew Zisserman and
               William T. Freeman},
    title = {Discovering Objects and their Localization in Images},
    booktitle = booktitle_iccv,
    pages = {370--377},
    year = {2005}
}

@article{sivic2009efficient,
  title={Efficient visual search of videos cast as text retrieval},
  author={Sivic, Josef and Zisserman, Andrew},
  journal=journal_pami,
  volume={31},
  number={4},
  pages={591--606},
  year={2009},
  publisher={IEEE}
}

@inproceedings{Smeraldi2010,
	author={Smeraldi, Fabrizio and Defoin-Platel, Michael and Saqi, Mansoor},
	title={Handling Missing Features with Boosting Algorithms for Protein-Protein Interaction Prediction},
	booktitle={Data Integration in the Life Sciences},
	year={2010},
	pages={132--147},
	organization={Springer},
}

@book{soderkvist2001computer,
  title={Computer vision classification of leaves from swedish trees},
  author={S{\"o}derkvist, Oskar},
  series = {Master thesis, Link{\"o}ping University},
  year = {2001},
}


@article{Sotak1989,
        AUTHOR = "Sotak, Jr., G.E. and Boyer, K.L.",
        TITLE = "The {L}aplacian-of-{G}aussian {K}ernal: A Formal Analysis and Design for
Fast Accurate Convolution and Full Frame Operation",
        JOURNAL = journal_cvgip,
        VOLUME = "48",
        YEAR = "1989",
        NUMBER = "2",
        MONTH = "November",
        PAGES = "147--189",
        BIBSOURCE = "http://www.visionbib.com/bibliography/edge231.html#TT17994"
}

@article{Stegmann2003,
 author = {M. B. Stegmann and B. K. Ersboll and R. Larsen. },
 title = {{FAME} - {A} flexible appearance modeling environment},
 journal = journal_t-mi,
 volume = 22,
 number = 10,
 pages = {1319--1331},
 year = 2003
}
% month = {October},


@article{Stephenson2006,
author = {Todd A. Stephenson and Tsuhan Chen},
title = {Adaptive {M}arkov Random Fields for Example-Based Super-resolution of Faces},
journal = {EURASIP Journal on Applied Signal Processing},
year = {2006}
}


@article{Stewart1999,
    author = {Marian Stewart and Marian Stewart Bartlett and Paul A. Viola and Terrence J. Sejnowski and Beatrice A. Golomb and Joseph C. Hager and Paul Ekman},
    title = {Classifying Facial Action},
    journal = journal_pami,
    year = {1999},
    volume = {21},
    pages = {974--989}
}


@inproceedings{Storer2010,
    author = {Markus Storer and Martin Urschler and Horst Bischof},
    title = {Intensity-Based Congealing for Unsupervised Joint Image Alignment},
    booktitle = booktitle_icpr,
    pages = {569--576},
    year = {2010}
}

@article{Stre2002,
   author = "Dagfinn Stre and Arve Stav and Vidar Lundberg",
   title = "Ultrasound image acquisition with synchronized reference image",
   journal = "US Patent Issued number 6488629",
   month = "December",
   year = "2002"
}

@article{Stylianou2006,
author = {GEORGIOS Stylianou and ANDREAS Lanitis},
title = {IMAGE BASED 3{D} FACE RECONSTRUCTION: A SURVEY},
journal = journal_ijig,
 volume = 9,
 number = 2,
 pages = {217--250},
year = {2009}
}

@article{Szeliski1997,
    author = {Richard Szeliski and James Coughlan},
    title = {spline-based image registration},
    journal = journal_ijcv,
    volume = 22,
    number = 3,
    pages = {199--218},
    year = {1997}
}

@incollection{su2009multi,
  title={Multi-view face alignment using 3D shape model for view estimation},
  author={Su, Yanchao and Ai, Haizhou and Lao, Shihong},
  booktitle={Advances in Biometrics},
  pages={179--188},
  year={2009},
  publisher={Springer}
}

@inproceedings{Sun2006,
    author = {N. Sun and I. Pavlidis and M. Garbey and J. Fei},
    title = {Harvesting the Thermal Cardiac Pulse Signal},
    booktitle = booktitle_miccai,
    pages = {569--576},
    year = {2006}
}

@InProceedings{Sun09,
  author =  "J. Sun and X. Wu and S. C. Yan and L. F. Cheong and T.
         S. Chua and J. T. Li",
  title =   "Hierarchical spatio-temporal context modeling for
         action recognition",
  booktitle =   booktitle_cvpr,
  address = address_cvpr09,
  month = month_cvpr09,
  year =    "2009",
  URL =     "http://dx.doi.org/10.1109/CVPRW.2009.5206721",
  bibsource =   "http://www.visionbib.com/bibliography/motion-f740.html#TT65809",
}

@incollection{suwajanakorn2014total,
  title={Total Moving Face Reconstruction},
  author={Suwajanakorn, Supasorn and Kemelmacher-Shlizerman, Ira and Seitz, Steven M},
  booktitle=booktitle_eccv,
  pages={796--812},
  year={2014},
  publisher={Springer}
}

@inproceedings{taigman2014deepface,
  title={Deepface: Closing the gap to human-level performance in face verification},
  author={Taigman, Yaniv and Yang, Ming and Ranzato, M and Wolf, L},
  booktitle=booktitle_cvpr,
  year={2014}
}

@inproceedings{talwalkar2008large,
  title={Large-scale manifold learning},
  author={Talwalkar, Ameet and Kumar, Sanjiv and Rowley, Henry},
  booktitle=booktitle_cvpr,
  pages={1--8},
  year={2008},
  organization={IEEE}
}

@incollection{teng2009leaf,
  title={Leaf segmentation, its 3{D} position estimation and leaf classification from a few images with very close viewpoints},
  author={Teng, Chin-Hung and Kuo, Yi-Ting and Chen, Yung-Sheng},
  booktitle={Image Analysis and Recognition},
  volume = {5627},	
  pages={937--946},
  year={2009},
  publisher={Springer}
}

@article{Terz1990,
  author    = {D. Terzopoulos and K. Waters},
  title     = {Physically-based facial modelling, analysis, and animation},
  journal   = {J of Visualization and Computer Animation},
  volume    = {1},
  year      = {1990},
  pages     = {73-80}
}

@article{Tefas2001,
 author = {Tefas, Anastasios and Kotropoulos, Constantine and Pitas, Ioannis},
 title = {Using Support Vector Machines to Enhance the Performance of Elastic Graph Matching for Frontal Face Authentication},
 journal = journal_pami,
 volume = {23},
 number = {7},
 month = jul,
 year = {2001},
 issn = {0162-8828},
 pages = {735--746},
 numpages = {12},
 url = {http://dx.doi.org/10.1109/34.935847},
 doi = {10.1109/34.935847},
 acmid = {501949},
 publisher = {IEEE Computer Society},
 address = {Washington, DC, USA},
 keywords = {Face authentication, elastic graph matching, Fisher's discriminant ratio, constrained least-squares optimization, Support Vector Machines.},
} 

@article{tessmer2013functional,
  title={Functional Approach to High-throughput Plant Growth Analysis},
  author={Tessmer, Oliver L and Jiao, Yuhua and Cruz, Jeffrey A and Kramer, David M and Chen, Jin},
  journal   = {BMC Systems Biology}, 
  year = {2013}
}

@inproceedings{thayananthan2003shape,
  title={Shape context and chamfer matching in cluttered scenes},
  author={Thayananthan, Arasanathan and Stenger, Bjoern and Torr, Philip HS and Cipolla, Roberto},
  booktitle=booktitle_cvpr,
  volume={1},
  pages={127--133},
  year={2003},
  organization={IEEE}
}

@book{Thenkabail2011,
  author = { Prasad S. Thenkabail and John G. Lyon and Alfredo Huete},
  title = {Hyperspectral Remote Sensing of Vegetation},
  publisher = {CRC Press},
  year = 2011
}


@article{Tieu2004,
  author    = {Kinh Tieu and Paul Viola},
  title     = {Boosting Image Retrieval},
  journal   = journal_ijcv,
  volume    = {56},
  number    = {1-2},
  year      = {2004},
  pages     = {17--36}
}

@inproceedings{Tong2005,
 author = {Tong, Hanghang and He, Jingrui and Li, Mingjing and Zhang, Changshui and Ma, Wei-Ying},
 title = {Graph Based Multi-modality Learning},
 booktitle = {Proceedings of the 13th Annual ACM International Conference on Multimedia},
 year = {2005},
 location = {Hilton, Singapore},
 pages = {862--871},
 numpages = {10},
 acmid = {1101337},
 publisher = {ACM}
} 

@inproceedings{Tong2006,
 author = {Y. Tong and W. Liao and Q. Ji},
 title = {Inferring facial action units with causal relations},
 booktitle = booktitle_cvpr,
 year = 2006
}

@inproceedings{Tong2007a,
 author = {Yan Tong and Wenhui Liao and Zheng Xue and Qiang Ji},
 title = {A Unified Probabilistic Framework for Facial Activity Modeling and Understanding},
 booktitle = booktitle_cvpr,
 year = 2007
}

@article{Tong2007b,
  author    = {Yan Tong and Wenhui Liao and Qiang Ji},
  title     = {Facial Action Unit Recognition by Exploiting Their Dynamic and Semantic Relationships},
  journal   = journal_pami,
  volume    = {29},
  number    = {10},
  year      = {2007},
  pages     = {1683--1699}
}

@inproceedings{Tong2008a,
 author = {Yan Tong and Qiang Ji},
 title = {Learning {B}ayesian Networks with Qualitative Constraints},
 booktitle = booktitle_cvpr,
 year = 2008
}

@INPROCEEDINGS{Tong2008b,
author = "Cassio de Campos and Yan Tong and Qiang Ji",
title = "Constrained Maximum Likelihood Learning of {B}ayesian Networks for Facial Action Recognition",
booktitle = booktitle_eccv,
address = address_eccv08,
month = month_eccv08,
year = "2008"
}

@INPROCEEDINGS{Tong2008c,
author = "Lei Zhang and Yang Tong and Qiang Ji",
title = "Active Image Labeling and Its Application to Facial Action Labeling",
booktitle = booktitle_eccv,
address = address_eccv08,
month = month_eccv08,
year = "2008"
}

@Article{Tong2009a,
author = "Y. Tong and Jixu Chen and Q. Ji",
title = "A Unified Probabilistic Framework for Spontaneous Facial Action Modeling and Understanding",
journal = journal_pami,
month = "",
number = "",
year = "2009",
volume = "",
pages = "",
note = "In Press",
}

@INBOOK{Tong2009b,
chapter = {Automatic Facial Action Unit Recognition By Modeling Their Semantic And Dynamic Relationships},
pages = {159--180},
title = {Affective Information Processing},
publisher = {Springer London},
year = {2009},
author = {Y. Tong and W. Liao and Q. Ji},
volume = {},
}

@INPROCEEDINGS{Tong2009c,
author = "Y. Tong and Jixu Chen and Qiang Ji",
title = "Modeling and Exploiting the Spatio-temporal Facial Action Dependencies for Robust Spontaneous Facial Expression Recognition",
booktitle = booktitle_cvprw,
 address = address_cvprw09,
 month = month_cvprw09,
year = "2009"
}

@inproceedings{Tong2009_CVPR,
 author = {Yan Tong and Xiaoming Liu and Frederick W. Wheeler and Peter Tu},
 title = {Automatic Facial Landmark Labeling with Minimal Supervision},
 booktitle = booktitle_cvpr,
 address = address_cvpr09,
 month = month_cvpr09,
 year = 2009
}

@inproceedings{Tong2010,
 author = {Yan Tong and Frederick W. Wheeler and Xiaoming Liu},
 title = {Improving Biometric Identification Through Quality based
Face and Fingerprint Biometric Fusion},
 booktitle = booktitle_cvprw,
 address = address_cvprw10,
 month = month_cvprw10,
 year = 2010
}

@article{tong2012semi,
  title={Semi-supervised facial landmark annotation},
  author={Tong, Yan and Liu, Xiaoming and Wheeler, Frederick W and Tu, Peter H},
  journal=journal_cviu,
  volume={116},
  number={8},
  pages={922--935},
  year={2012},
  publisher={Elsevier}
}

@article{tongfired2014,
  title={Fired Cartridge Case Identification Using Optical Images and the Congruent Matching Cells ({CMC}) Method},
  author={Tong, Mingsi and Song, John and Chu, Wei and Thompson, Robert M},
  journal = {Journal of Research of the National Institute of Standards and Technology},
  volume = {119},
  pages ={575--582},
  year = {2014}
}


@article{Toole1999,
 author = {A. J. O{'}Toole and T. Vetter and V. Blanz},
 title = {Three-dimensional shape and two-dimensional surface reflectance contributions to face recognition: An application of three-dimensional morphing},
 journal = {Vision Research},
 volume = 39,
 pages = {3145--3155},
 year = 1999
}

@article{Torralba2007,
  author    = {Antonio B. Torralba and
               Kevin P. Murphy and
               William T. Freeman},
  title     = {Sharing Visual Features for Multiclass and Multiview Object
               Detection},
  journal   = journal_pami,
  volume    = {29},
  number    = {5},
  year      = {2007},
  pages     = {854--869}
}


@inproceedings{Torre2001,
  author    = {De la Torre, F. and Black, M. J.},
  title     = {Robust principal component analysis for computer vision},
  booktitle = booktitle_iccv,
  volume    = 1,
  year      = 2001,
  pages     = {362--369}
}

@article{Torre2003,
  author = {F. Torre and M. Black},
  title = "Robust parameterized component analysis: Theory and applications to 2{D} facial modeling",
  journal = journal_cviu,
  volume = 91,
  pages = {53--71},
  year = "2003"
}

@inproceedings{Torre2007,
   author = "Fernando De la Torre Frade and Alvaro Collet Romea and Jeffrey Cohn and Takeo Kanade",
   title = "Filtered Component Analysis to Increase Robustness to Local Minima in Appearance Models",
   booktitle = booktitle_cvpr,
   address = address_cvpr07,
   year = "2007"
}

@inproceedings{Torre2008,
  author    = {F. Torre and M.H. Nguyen},
  title     = {Parameterized Kernel Principal Component Analysis: Theory and Applications to Supervised and Unsupervised Image Alignment},
  booktitle = booktitle_cvpr,
  address = address_cvpr08,
  volume    = {},
  year      = {2008},
  pages     = {}
}

@article{Toseeb2012,
	author={Toseeb, Umar and Keeble, David RT and Bryant, Eleanor J},
	title={The Significance of Hair for Face Recognition},
	journal={PLoS ONE},
	volume={7},
	number={3},
	pages={e34144},
	year={2012},
	publisher={Public Library of Science}
}

@book{tse2005fundamentals,
  title={Fundamentals of Wireless Communication},
  author={Tse, David and Viswanath, Pramod},
  year={2005},
  publisher={Cambridge university press}
}

@article{Tsiamyrtzis2006,
  author = {P. Tsiamyrtzis and J. Dowdall and D. Shastri and I.  Pavlidis and M.G. Frank and P. Ekman},
  title = "Imaging facial physiology for the detection of deceit",
  journal = journal_ijcv,
  volume = 71,
  number = 2,
  pages = {197--214},
  year = "2006"
}

@inproceedings{Treptow2004,
  author    = {A. Treptow and A. Zell},
  title     = {Combining Adaboost learning and evolutionary search to select features for real-time object detection},
  booktitle = {IEEE Congress on Evolutionary Computation},
  volume    = 2,
  year      = 2004,
  pages     = {2107--2113}
}

@article{troje1996face,
  title={Face recognition under varying poses: The role of texture and shape},
  author={Troje, Nikolaus F and B{\"u}lthoff, Heinrich H},
  journal={Vision research},
  volume={36},
  number={12},
  pages={1761--1771},
  year={1996},
  publisher={Elsevier}
}


@misc{typingdemo,
    note = {\url{http://www.btas2013.org/awards/}}
}

@inproceedings{tzimiropoulos2014gauss,
  title={Gauss-Newton Deformable Part Models for Face Alignment in-the-Wild},
  author={Tzimiropoulos, Georgios and Pantic, Maja},
  booktitle=booktitle_cvpr,
  pages={1851--1858},
  year={2014}
}

@inproceedings{tzimiropoulos2013optimization,
  title={Optimization problems for fast aam fitting in-the-wild},
  author={Tzimiropoulos, Georgios and Pantic, Maja},
  booktitle=booktitle_iccv,
  pages={593--600},
  year={2013},
  organization={IEEE}
}

@inproceedings{Tu2000,
  title     = {Statistical Significance as an Aid to System Performance Evaluation},
  author    = {Peter Tu and Richard I. Hartley},
  booktitle = booktitle_eccv,
  address = address_eccv00,
  month = month_eccv00,
  volume    = 2,
  year      = 2000,
  pages     = {366--378}
}

@inproceedings{Tu2007,
 author = {Peter Tu and Rebecca Book and Xiaoming Liu and Nils Krahnstoever and Carl Adrian and Phil Williams},
 title = {Automatic Face Recognition from Skeletal Remains},
 booktitle = booktitle_cvpr,
 address = address_cvpr07,
 month = month_cvpr07,
 year = 2007
}

@inproceedings{Tu07framework,
author = {Peter H. Tu and Gianfranco Doretto and Nils O. Krahnstoever and A. G. Amitha Perera and Frederick W. Wheeler and Xiaoming Liu and Jens Rittscher and Thomas B. Sebastian and Ting Yu and Kevin G. Harding},
title = {An Intelligent Video Framework for Homeland Protection},
booktitle = {Proc. of {SPIE} Defense \& Security Symposium, Conference on Unattended Ground, Sea, and Air Sensor Technologies and Applications IX},
address = {Orlando, Florida},
month = {April},
year = {2007},
}

@article{tu2007surveillance,
  title={Surveillance video analytics for large camera networks},
  author={Tu, Peter and Wheeler, Fred and Krahnstoever, Nils and Sebastian, Thomas and Rittscher, Jens and Liu, Xiaoming and Perera, Amitha and Doretto, Gianfranco},
  booktitle = {SPIE Newsroom},
  year = 2007
}

@inproceedings{Tu2011,
  author    = {Jilin Tu and Brandon Laflen and Xiaoming Liu and  Musodiq Bello and Jens Rittscher and Peter Tu},
  title = {Fitting Shape Model by Linear Programming},
  booktitle = booktitle_afgr,
  address = address_afgr11,
  month = month_afgr11,
  year = 2011
}

@inproceedings{Tu2004,
  author    = {J. Tu and Z. Zhang and Z. Zeng and T. Huang},
  title = {Face Localization via Hierarchical CONDENSATION with {F}isher Boosting Feature Selection},
  booktitle = booktitle_cvpr,
  address = address_cvpr04,
  month = month_cvpr04,
  year = 2004
}

@inproceedings{Tu2006,
  author    = {Jilin Tu and Aleksandar Ivanovic and Xun Xu and Li Fei-Fei and Thomas S. Huang},
  title = {Variational Shift Invariant Probabilistic {PCA} for Face Recognition},
  booktitle = booktitle_icpr,
  address = address_icpr06,
  month = month_icpr06,
  volume = 3,
  pages ={548--551},
  year = 2006
}

@inproceedings{Tu2009,
 author = {Jilin Tu and Xiaoming Liu and  Peter Tu},
 title = {On Optimizing Subspaces for Face Recognition},
 booktitle =  booktitle_iccv,
 address = address_iccv09,
 month = month_iccv09,
 year = 2009
}

@inproceedings{Tu2010,
 author = {Jilin Tu and Xiaoming Liu and  Peter Tu},
 title = {Site-adaptive Face Recognition},
 booktitle = booktitle_btas,
 address = address_btas10,
 month = month_btas10,
 year = 2010
}


@article{Turk1991,
 author = {M. Turk and A. Pentland},
 title = {Eigenfaces for Recognition},
 journal = {Journal of Cognitive Neuroscience},
 volume = 3,
 number = 1,
 pages = {71--86},
 year = 1991
}

@inproceedings{Turk2010,
    author  = "M. Turk",
    title   = "Grand Challenges in Biometrics",
    publisher = "Presented as keynote at IEEE Int. Conf. on Biometrics: Theory, Applications and Systems (BTAS 10), Washington, DC",
    year    = 2010
}

@misc{typingdemomedia,
    note = {\url{http://www.mlive.com/news/kalamazoo/index.ssf/2013/10/kamscportage_northern_student.html}}
}

@article{vacavant2013combined,
  title={A combined multi-scale/irregular algorithm for the vectorization of noisy digital contours},
  author={Vacavant, Antoine and Roussillon, Tristan and Kerautret, Bertrand and Lachaud, Jacques-Olivier},
  journal=journal_cviu,
  volume={117},
  number={4},
  pages={438--450},
  year={2013},
  publisher={Elsevier B. V., Box 882 New York NY 10159 United States}
}


@inproceedings{Yacoob2002,
 author = {Y. Yacoob and L. Davis},
 title = {Smiling Faces are Better for Face Recognition},
 booktitle = booktitle_afgr,
 year = 2002,
 pages = {59--64}
}

@ARTICLE{Yacoob2006, 
author={Yacoob, Y. and Davis, L.S.}, 
journal=journal_pami, 
title={Detection and analysis of hair}, 
year={2006}, 
volume={28}, 
number={7}, 
pages={1164-1169}  
}

@article{Yan2003,
 author = {Shuicheng Yan and Ce Liu and Stan Z. Li and Hongjiang Zhang and Heung-Yeung Shum and Qiansheng Cheng},
 title = {Face alignment using texture-constrained active shape models},
 journal = journal_ivc,
 volume = 21,
 number = 1,
 pages = {69--75},
 year = 2003
}


@inproceedings{Yan2003b,
 author = {Shuicheng Yan and Mingjing Li and Hongjiang Zhang and Qiansheng Cheng},
 title = {Ranking Prior Likelihood Distributions for {B}ayesian Shape Localization Framework},
 booktitle = booktitle_iccv,
 year = 2003,
 pages = {51--58}
}

@inproceedings{yan2013learn,
  title={Learn to Combine Multiple Hypotheses for Accurate Face Alignment},
  author={Yan, Junjie and Lei, Zhen and Yi, Dong and Li, Stan Z},
  booktitle=booktitle_iccvw,
  pages={392--396},
  year={2013},
  organization={IEEE}
}

@inproceedings{Yang2004,
        AUTHOR = {Yang, P. and Shan, S. and Gao, W. and Li, S.Z. and Zhang, D.},
        TITLE = {Face recognition using Ada-Boosted {G}abor features},
        BOOKTITLE = booktitle_afgr,
        address = address_afgr04,
        YEAR = 2004,
        PAGES = {356--361}
}

@inproceedings{Yang2007,
 author = {Yang, Linjun and Liu, Jiemin and Yang, Xiaokang and Hua, Xian-Sheng},
 title = {Multi-modality Web Video Categorization},
 booktitle = {Proceedings of the International Workshop on Workshop on Multimedia Information Retrieval},
 series = {MIR '07},
 year = {2007},
 isbn = {978-1-59593-778-0},
 location = {Augsburg, Bavaria, Germany},
 pages = {265--274},
 numpages = {10},
 url = {http://doi.acm.org/10.1145/1290082.1290119},
 doi = {10.1145/1290082.1290119},
 acmid = {1290119},
 publisher = {ACM},
 address = {New York, NY, USA},
 keywords = {video categorization, web video},
} 

@article{Yang2010,
  author    = {R Yang and S Sarkar and B Loeding},
  title     = {Handling movement epenthesis and hand segmentation ambiguities in continuous sign language recognition using nested dynamic programming},
  journal   = journal_pami,
  volume    = {32},
  number    = {3},
  year      = {2010},
  month = {Mar.},
  pages     = {462--477}
}

@inproceedings{yang2013sieving,
  title={Sieving regression forest votes for facial feature detection in the wild},
  author={Yang, Heng and Patras, Ioannis},
  booktitle=booktitle_iccv,
  pages={1936--1943},
  year={2013},
  organization={IEEE}
}

@inproceedings{Yang2014,
   author = {Yang Yang and Jimei Yan and Junjie Yan and Shengcai Liao and Dong Yi and Stan Z. Li},
   title = "Salient Color Names for Person Re-Identification",
   booktitle = booktitle_eccv,
   pages = {536--551},
   year = 2014
}

@inproceedings{yang2014improving,
  title={Improving 3{D} Face Details based on Normal Map of Hetero-source Images},
  author={Yang, Chang and Chen, Jiansheng and Su, Nan and Su, Guangda},
  booktitle=booktitle_cvprw,
  pages={9--14},
  year={2014},
  organization={IEEE}
}

@TechReport{CAVE_0293, 
author = {F. Yasuma and T. Mitsunaga and D. Iso and S.K. Nayar},
title = {{G}eneralized {A}ssorted {P}ixel {C}amera: {P}ost-{C}apture {C}ontrol of {R}esolution, {D}ynamic {R}ange and {S}pectrum},
booktitle = {Technical Report, Department of Computer Science, Columbia University CUCS-061-08},
month = {Nov},
year = {2008}
}

@article{Vogler2001,
  author    = {Christian Vogler and Dimitris Metaxas},
  title     = {A framework for recognizing the simultaneous aspects of american sign language},
  journal   = journal_cviu,
  volume    = {81},
  number    = {3},
  year      = {2001},
  pages     = {358--384}
}


@book{VanTrees1969,
  author = {Harry L. Van Trees },
  title = {Detection, Estimation, and Modulation Theory},
  publisher = {Wiley-Interscience},
  year = 1969
}

@inproceedings{Vetter1997,
    author = {Thomas Vetter and Michael J. Jones and Tomaso Poggio},
    title = {A Bootstrapping Algorithm For Learning Linear Models Of Object Classes},
    booktitle = booktitle_cvpr,
    address = address_cvpr97,
    year = {1997},
    pages = {40--46}
}


@article{Vemuri1998,
    author = {Baba C. Vemuri and S. Huang and S. Sahni and C. M. Leonard and C. Mohr and R. Gilmore and J. Fitzsimmons},
    title = {An Efficient Motion Estimator with Application to Medical Image Registration},
    journal = journal_mia,
    year =  1998,
    volume = 2,
    number = 1,
    month = {March},
    pages = "79--98"
}


@article{Viola04,
 author = {P. Viola and M. Jones},
 title =  {Robust Real-time Face Detection},
 journal = journal_ijcv,
 year =  2004,
  volume = 57,
  number = 2,
  pages = "137--154"
}
%  month = "May"

@inproceedings{Viola2001,
 author = {P. Viola and M. Jones},
 title = {Rapid object detection using a boosted cascade of simple features},
 booktitle = booktitle_cvpr,
 volume = 1,
 year = 2001,
 pages = {511--518}
}

@article{Viola2005,
  author    = {Paul Viola and Michael Jones and Daniel Snow},
  title     = {Detecting Pedestrians Using Patterns of Motion and Appearance},
  journal   = journal_ijcv,
  volume    = {63},
  number    = {2},
  year      = {2005},
  pages     = {153--161}
}

@inproceedings{yin2014a,
  title={Multi-Leaf Alignment from Fluorescence Plant Images},
  author={Yin, Xi and Liu, Xiaoming and Chen, Jin and Kramer, David M},
 booktitle = booktitle_wacvconf,
 month = month_wacv14,
 address = address_wacv14,
 year = 2014
}

@inproceedings{yin2014b,
  title={Multi-Leaf Tracking from Fluorescence Plant Videos},
  author={Yin, Xi and Liu, Xiaoming and Chen, Jin and Kramer, David M},
 booktitle = booktitle_icip,
 month = month_icip14,
 address = address_icip14,
 year = 2014
}

@article{yin2015,
  title={Joint Multi-Leaf tracking from Fluorescence Plant Videos},
  author={Yin, Xi and Liu, Xiaoming and Chen, Jin and Kramer, David M},
  journal={arXiv preprint arXiv:submit/1245553},
  year={2015}
}


@inproceedings{BU-4DFE,
author={Lijun Yin and Xiaochen Chen and Yi Sun and Worm, T. and Reale, M.},
booktitle=booktitle_afgr,
title={A high-resolution 3D dynamic facial expression database},
year={2008},
month={Sept},
pages={1-6}
}


@article{Vogler2001,
  author    = {Christian Vogler and Dimitris Metaxas},
  title     = {A framework for recognizing the simultaneous aspects of american sign language},
  journal   = journal_cviu,
  volume    = {81},
  number    = {3},
  year      = {2001},
  pages     = {358--384}
}

@inproceedings{Vogler2007,
 author = {Christian Vogler and Zhiguo Li and Atul Kanaujia and Siome Goldenstein and Dimitris Metaxas},
 title = {The Best of Both Worlds: Combining {3D} Deformable Models with Active Shape Models},
 booktitle = booktitle_iccv,
 month = month_iccv07,
 address = address_iccv07,
 year = 2007
}

@inproceedings{Vogler2005,
    author = {Christian Vogler and Siome Goldenstein},
    title = {Analysis of Facial Expressions in American Sign Language},
    booktitle = {In Proc. of the 3rd Intl. Conf. on Universal Access in Human-Computer Interaction (UAHCI), Las Vegas},
    year = {2005}
}

@techreport{vorburger2007surface,
  title={Surface topography analysis for a feasibility assessment of a national ballistics imaging database},
  author={Vorburger, TV and Yen, J and Bachrach, B and Renegar, TB and Filliben, JJ and Ma, L and Rhee, HG and Zheng, A and Song, JF and Riley, M and Foreman, CD and Ballou, SM},
  institution={NISTIR},
  number={7362},
  pages={1--171},
  year={2007}
}



@article{Yoruk2006,
  author    = {E Y\"ar\"uk and H Duta{\v g}aci and B Sankur},
  title     = {Hand biometrics},
  journal   = journal_ivc,
  volume    = {24},
  number    = {5},
  year      = {2006},
  pages     = {483--497}
}




@inproceedings{Yu2011,
 author = {Ting Yu and Xiaoming Liu and Ser-Nam Lim and Nils Krahnstoever and Peter Tu},
 title = {Automatic Surveillance Video Matting Using a Shape Prior},
 booktitle = {Proceedings of the 11th IEEE Workshop on Visual Surveillance (conjunction with ICCV 2011)},
 year = 2011
}

@incollection{yu2014consensus,
  title={Consensus of Regression for Occlusion-Robust Facial Feature Localization},
  author={Yu, Xiang and Lin, Zhe and Brandt, Jonathan and Metaxas, Dimitris N},
  booktitle=booktitle_eccv,
  pages={105--118},
  year={2014},
  publisher={Springer}
}

@inproceedings{yu2013pose,
  title={Pose-free facial landmark fitting via optimized part mixtures and cascaded deformable shape model},
  author={Yu, Xiang and Huang, Junzhou and Zhang, Shaoting and Yan, Wang and Metaxas, Dimitris N},
  booktitle=booktitle_iccv,
  pages={1944--1951},
  year={2013},
  organization={IEEE}
}

@article{wagner2012toward,
  title={Toward a practical face recognition system: Robust alignment and illumination by sparse representation},
  author={Wagner, Andrew and Wright, John and Ganesh, Arvind and Zhou, Zihan and Mobahi, Hossein and Ma, Yi},
  journal=journal_pami,
  volume={34},
  number={2},
  pages={372--386},
  year={2012},
  publisher={IEEE}
}

@inproceedings{Wang2005,
 author = {Sen Wang and Lei Zhang and Dimitris Samaras},
 title = {Face Reconstruction across Different Poses and Arbitrary Illumination Conditions},
 booktitle = {In Audio- and Video-based Biometric Person Authentication 2005},
 year = 2005,
 pages = {59--64}
}

@article{wang2008classification,
  title={Classification of plant leaf images with complicated background},
  author={Wang, Xiao-Feng and Huang, De-Shuang and Du, Ji-Xiang and Xu, Huan and Heutte, Laurent},
  journal={Applied mathematics and computation},
  volume={205},
  number={2},
  pages={916--926},
  year={2008},
  publisher={Elsevier}
}

@INPROCEEDINGS{Wang2012, 
author={Nan Wang and Haizhou Ai and Feng Tang}, 
booktitle=booktitle_cvpr, 
title={What are good parts for hair shape modeling?}, 
year={2012}, 
pages={662-669}
}

@inproceedings{Wang2013,
	author = {Dan Wang and Shiguang Shan and Hongming Zhang and Wei Zeng and Xilin Chen},
	title = {Isomorphic Manifold Inference for Hair Segmentation},
	booktitle = booktitle_afgr,
	year = {2013},
	pages = {1--6},
}

@inproceedings{wang2014aquatic,
  title={Aquatic debris monitoring using smartphone-based robotic sensors},
  author={Wang, Yu and Tan, Rui and Xing, Guoliang and Wang, Jianxun and Tan, Xiaobo and Liu, Xiaoming and Chang, Xiangmao},
  booktitle={Proceedings of the 13th international symposium on Information processing in sensor networks},
  pages={13--24},
  year={2014}
}

@inproceedings{wang20063d,
  title={3{D} facial expression recognition based on primitive surface feature distribution},
  author={Wang, Jun and Yin, Lijun and Wei, Xiaozhou and Sun, Yi},
  booktitle=booktitle_cvpr, 
  volume={2},
  pages={1399--1406},
  year={2006},
  organization={IEEE}
}

@article{wang2014facial,
  title={Facial Feature Point Detection: A Comprehensive Survey},
  author={Wang, Nannan and Gao, Xinbo and Tao, Dacheng and Li, Xuelong},
  journal={arXiv preprint arXiv:1410.1037},
  year={2014}
}


@inproceedings{wong2001structure,
  title={Structure and motion from silhouettes},
  author={Wong, K-YK and Cipolla, Roberto},
  booktitle=booktitle_iccv, 
  volume={2},
  pages={217--222},
  year={2001}
}

@article{Zwang2004,
  author    = {Z. Wang and A. Bovik and H. Sheikh and E. Simoncelli},
  title     = {Image quality assessment: From error visibility to structural similarity},
  journal   = journal_t-ip,
  volume    = {13},
  number    = {4},
  year      = {2004},
  pages     = {600--612}
}

@inproceedings{wang2011viewpoint,
  title={Viewpoint invariant 3{D} landmark model inference from monocular 2{D} images using higher-order priors},
  author={Wang, Chaohui and Zeng, Yun and Simon, Loic and Kakadiaris, Ioannis and Samaras, Dimitris and Paragios, Nikos},
  booktitle=booktitle_iccv, 
  pages={319--326},
  year={2011},
  organization={IEEE}
}

@article{Wen2013,
  author    = {Lingyun Wen and
               Guodong Guo},
  title     = {A computational approach to body mass index prediction from
               face images},
  journal   = journal_ivc,
  volume    = {31},
  number    = {5},
  year      = {2013},
  pages     = {392-400}
}


@misc{Wheaton2010,
    author    = "Sarah Wheaton",
    title     = "Man Is Held in Security Breach at Newark",
    howpublished = "The New York Times",
    year     = "2010",
    month    = "January 8"
}

@inproceedings{Wheeler2007a,
author = {Frederick W. Wheeler and Xiaoming Liu and Peter H. Tu and Ralph Hoctor},
title = {Multi-Frame Image Restoration for Face Recognition},
booktitle = {Proc. IEEE Signal Processing Society Workshop on Signal Processing Applications for Public Security and Forensics (SAFE 2007), Washington, DC},
year = {2007},
pages = {1--6}
}


@inproceedings{Wheeler2007b,
author = {Frederick W. Wheeler and Xiaoming Liu and Peter H. Tu},
title = {Multi-Frame Super-Resolution for Face Recognition},
booktitle = booktitle_btas,
address = address_btas07,
month = month_btas07,
year = {2007}
}

@article{Wheeler08techbeat,
author = {Frederick W. Wheeler and Peter H. Tu and Xiaoming Liu},
title = {Recognize the Face},
journal = {TechBeat},
month = {Winter},
year = {2008},
pages = {4},
}


@article{Wright2003,
title = "An own gender bias and the importance of hair in face recognition ",
journal = "Acta Psychologica ",
volume = "114",
number = "1",
pages = "101 - 114",
year = "2003",
author = "Daniel B. Wright and Benjamin Sladden"
}

@INBOOK{Frederick2011,
chapter = {Face Recognition at a Distance},
title = {Handbook of Face Recognition (the second edition)},
publisher = {Springer},
year = {2011},
author = {Frederick W. Wheeler and Xiaoming Liu and Peter H. Tu},
volume = {},
}

@article{Williams2005,
 author = {Williams, O.M.C. and Blake, A. and Cipolla, R. },
 title = {Sparse {B}ayesian Learning for Efficient Visual Tracking},
 journal = journal_pami,
 volume = 27,
 number = 8,
 pages = {1292--1304},
 month = August,
 year = 2005
}

@article{Wimmer2008,
 author = {Matthias Wimmer and Freek Stulp and Sylvia Pietzsch and Bernd Radig},
 title = {Learning Local Objective Functions for Robust Face Model Fitting},
 journal =journal_pami,
 volume = 30,
 number = 18,
 pages = {1357--1370},
 month = {August},
 year = 2008
}

@article{Winston2002,
 author = {Winston, J S and Strange, B A and O'Doherty, J and Dolan, R J },
 title = {Automatic and intentional brain responses during evaluation of trustworthiness of faces},
 journal = {Nature neuroscience},
 volume = 5,
 number = 3,
 pages = {277-283},
 year = 2002
}

@article{Wiskott1997,
        AUTHOR = {Wiskott, L. and Fellous, J.M. and Kruger, N. and von der Malsburg, C.},
        TITLE = {Face Recognition by Elastic Bunch Graph Matching},
        JOURNAL = JOURNAL_PAMI,
        VOLUME = 19,
        YEAR = 1997,
        NUMBER = 7,
        MONTH = {July},
        PAGES = {775--779}
}


@inproceedings{Wolf2005,
author = {L. Wolf and I. Martin},
title = {Robust boosting for learning from few examples},
booktitle = booktitle_cvpr,
address = address_cvpr05,
volume = 1,
pages = {359--364},
year = 2005,
}

@inproceedings{wolf2011face,
  title={Face recognition in unconstrained videos with matched background similarity},
  author={Wolf, Lior and Hassner, Tal and Maoz, Itay},
  booktitle=booktitle_cvpr,
  pages={529--534},
  year={2011},
  organization={IEEE}
}

@inproceedings{wu2007leaf,
  title={A leaf recognition algorithm for plant classification using probabilistic neural network},
  author={Wu, Stephen Gang and Bao, Forrest Sheng and Xu, Eric You and Wang, Yu-Xuan and Chang, Yi-Fan and Xiang, Qiao-Liang},
  booktitle={Signal Processing and Information Technology, 2007 IEEE International Symposium on},
  pages={11--16},
  year={2007},
  organization={IEEE}
}

@inproceedings{valstar2010facial,
  title={Facial point detection using boosted regression and graph models},
  author={Valstar, Michel and Martinez, Brais and Binefa, Xavier and Pantic, Maja},
  booktitle=booktitle_cvpr,
  pages={2729--2736},
  year={2010},
  organization={IEEE}
}

@incollection{Vylder2011,
year={2011},
isbn={978-3-642-24135-2},
booktitle={Computer Vision/Computer Graphics Collaboration Techniques},
volume={6930},
doi={10.1007/978-3-642-24136-9_7},
title={Leaf Segmentation and Tracking Using Probabilistic Parametric Active Contours},
url={http://dx.doi.org/10.1007/978-3-642-24136-9_7},
publisher={Springer},
author={Vylder, Jonas and Ochoa, Daniel and Philips, Wilfried and Chaerle, Laury and Straeten, Dominique},
pages={75-85}
}
%series={Lecture Notes in Computer Science},
%editor={Gagalowicz, Andr√© and Philips, Wilfried},

@article{Xi2011,
	author = {Xi, K. and Tang, Y. and Hu, J.},
	title = {Correlation Keystroke Verification Scheme for User Access Control in Cloud Computing Environment},
	journal = {The Computer Journal},
	volume = {54},
	number = {10},
	month = jul,
	year = {2011},
	pages = {1632--1644},
	doi = {10.1093/comjnl/bxr064},
	issn = {0010-4620},
	keywords = {access control,biometric authentication,cloud computing,george loukas,handling editor,keystroke dynamics,received 3 february 2011,revised 14 april 2011,security},
	url = {http://comjnl.oxfordjournals.org/cgi/doi/10.1093/comjnl/bxr064},
}

@inproceedings{Xiao2004,
   author = "Jing Xiao and Simon Baker and Iain Matthews and Takeo Kanade",
   title = "Real-Time Combined 2{D}+3{D} Active Appearance Models",
   booktitle = booktitle_cvpr,
   pages = {535--542},
   month = month_cvpr04,
   year = "2004",
   volume = "2"
}

@inproceedings{Xie2005,
title={Face class code based feature extraction for face recognition},
author={Xie, C. and Vijaya Kumar, B.V.K.},
booktitle={Automatic Identification Advanced Technologies, 2005. Fourth IEEE Workshop on},
year={17-18 Oct. 2005},
pages={ 257--262},
keywords={ binary codes, error correction codes, face recognition, feature extraction, filtering theory, image classification, image coding, support vector machines AR database, ECC, FCC, N-class recognition problem, OPC method, PIE database, binary classifier, binary coding, binary string, correlation filter, error control code, face class code, face recognition, feature extraction, one-per-class, support vector machine},
doi={10.1109/AUTOID.2005.22},
ISSN={}, }

@inproceedings{xiong2013supervised,
  title={Supervised descent method and its applications to face alignment},
  author={Xiong, Xuehan and De la Torre, Fernando},
  booktitle=booktitle_cvpr,
  pages={532--539},
  year={2013},
  organization={IEEE}
}

@inproceedings{xing2014towards,
  title={Towards Multi-view and Partially-Occluded Face Alignment},
  author={Xing, Junliang and Niu, Zhiheng and Huang, Junshi and Hu, Weiming and Yan, Shuicheng},
  booktitle=booktitle_cvpr,
  pages={1829--1836},
  year={2014},
  organization={IEEE}
}

@inproceedings{xue2012image,
  title={Image congealing via efficient feature selection},
  author={Xue, Ya and Liu, Xiaoming},
  booktitle=booktitle_wacv,
  pages={185--192},
  year={2012}
}


@article{Yang2005,
title = "Symmetry-based 3-{D} reconstruction from perspective images",
journal = journal_cviu,
volume = "99",
number = "2",
pages = "210 - 240",
year = "2005",
author = "Allen Y. Yang and Kun Huang and Shankar Rao and Wei Hong and Yi Ma"
}



@article{Zabrodsky1997,
    author = {Hagit Zabrodsky and Daphna Weinshall},
    title = {Using Bilateral Symmetry To Improve 3{D} Reconstruction From Image Sequences},
    journal = journal_cviu,
    year = {1997},
    volume = {67},
    pages = {48--57}
}


@incollection{zeng2011personalized,
  title={Personalized 3D-aided 2D facial landmark localization},
  author={Zeng, Zhihong and Fang, Tianhong and Shah, Shishir K and Kakadiaris, Ioannis A},
  booktitle={Computer Vision--ACCV 2010},
  pages={633--646},
  year={2011},
  publisher={Springer}
}

@article{zhang2007local,
  title={Local features and kernels for classification of texture and object categories: A comprehensive study},
  author={Zhang, Jianguo and Marsza{\l}ek, Marcin and Lazebnik, Svetlana and Schmid, Cordelia},
  journal=journal_ijcv,
  volume={73},
  number={2},
  pages={213--238},
  year={2007},
  publisher={Springer}
}
@inproceedings{Zhang2006,
 author = {Jiayong Zhang and Jiebo Luo and Robert Collins and Yanxi Liu},
 title = {Body Localization in Still Images Using Hierarchical Models and Hybrid Search},
 booktitle = booktitle_cvpr,
 volume = 2 ,
 pages = {1536--1543},
 year = 2006
}

@inproceedings{Zhang2008,
   author = "C. Zhang and R. Hamid and Z. Zhang",
   title = "Taylor Expansion Based Classifier Adaptation: Application to Person Detection",
   booktitle = booktitle_cvpr,
   address = address_cvpr06,
   year = 2008
}

@article{Zhang2004,
  author    = {Z. Zhang and Z. Liu and D. Adler and M. F. Cohen and E. Hanson and Y. Shan},
  title     = {Robust and Rapid Generation of Animated Faces From Video Images: A Model-Based Modeling Approach},
  journal   = journal_ijcv,
  volume    = {58},
  number    = {1},
  pages     = {93--119},
  year      = {2004}
}

@article{zhang2012natural,
  title={Natural genetic variation for growth and development revealed by high-throughput phenotyping in {A}rabidopsis thaliana},
  author={Zhang, Xu and Hause, Ronald J. and Borevitz, Justin O.},
  journal={G3: Genes, Genomes, Genetics},
  volume={2},
  number={1},
  pages={29--34},
  year={2012}
}

@incollection{zhang2014coarse,
  title={Coarse-to-fine auto-encoder networks (cfan) for real-time face alignment},
  author={Zhang, Jie and Shan, Shiguang and Kan, Meina and Chen, Xilin},
   booktitle = booktitle_eccv,
  pages={1--16},
  year={2014},
  publisher={Springer}
}

@inproceedings{ZhangL2009,
  author = {Lin Zhang and Lei Zhang and David Zhang},
  title = {Finger-knuckle-print: A new biometric identifier},
  booktitle = booktitle_icip,
  address = address_icip09,
  month = month_icip09,
  year = {2009},
  pages = {1981--1984},
}

@inproceedings{ZhangY2009,
  title={Efficient kernels for identifying unbounded-order spatial features},
  author={Zhang, Yimeng and Chen, Tsuhan},
  booktitle=booktitle_cvpr,
  pages={1762--1769},
  year={2009},
  organization={IEEE}
}

@inproceedings{ZhangY2012,
	author = {Yimeng Zhang and Xiaoming Liu and Ming-Ching Chang and Weina Ge and Tsuhan Chen},
	title = {Spatio-Temporal Phrases for Activity Recognition},
	booktitle = booktitle_eccv,
	address = address_eccv12,
	month = month_eccv12,
	year = {2012},
	pages = {707-721},
        publisher={Springer}
}

@inproceedings{ZhangY2012b,
	author = {Yimeng Zhang and Weina Ge and Ming-Ching Chang and Xiaoming Liu},
	title = {Group Context Learning for Event Recognition},
	booktitle = booktitle_wacv,
	year = {2012}
}

@article{BP4D-Spontanous,
title = "BP4D-Spontaneous: a high-resolution spontaneous 3D dynamic facial expression database ",
journal = journal_ivc,
volume = "32",
number = "10",
pages = "692 - 706",
year = "2014",
author = "Xing Zhang and Lijun Yin and Jeffrey F. Cohn and Shaun Canavan and Michael Reale and Andy Horowitz and Peng Liu and Jeffrey M. Girard"
}


@article{zhao2003,
 author = {Wen-Yi Zhao and Rama Chellappa and P.J. Jonathon Phillips and Azriel Rosenfeld},
 title = {Face Recognition: A Literature Survey},
 journal = {ACM Computing Survey},
 volume = 35,
 number = 4,
 pages = {399--458},
 year = 2003
 }

@incollection{zhao2012joint,
  title={Joint face alignment: Rescue bad alignments with good ones by regularized re-fitting},
  author={Zhao, Xiaowei and Chai, Xiujuan and Shan, Shiguang},
  booktitle=booktitle_eccv,
  pages={616--630},
  year={2012},
  publisher={Springer}
}

@incollection{zhang2014facial,
  title={Facial landmark detection by deep multi-task learning},
  author={Zhang, Zhanpeng and Luo, Ping and Loy, Chen Change and Tang, Xiaoou},
  booktitle=booktitle_eccv,
  pages={94--108},
  year={2014},
  publisher={Springer}
}

@techreport{zhang2010survey,
  title={A survey of recent advances in face detection},
  author={Zhang, Cha and Zhang, Zhengyou},
  year={2010},
  institution={Tech. rep., Microsoft Research}
}

@inproceedings{Zheng2006,
 author = {Yefeng Zheng and Xiang Sean Zhou and Bogdan Georgescu and Shaohua Kevin Zhou and
Dorin Comaniciu},
 title = {Example Based Non-rigid Shape Detection},
 booktitle = booktitle_eccv,
 address = address_eccv06,
 pages = {290--295},
 year = 2006
}


@inproceedings{ZhengN2011,
 author = {Zheng, Nan and Paloski, Aaron and Wang, Haining},
 title = {An efficient user verification system via mouse movements},
 booktitle = booktitle_ccs,
 address = address_ccs11,
 month = month_ccs11,
 year = {2011},
 pages = {139--150},
 isbn = {978-1-4503-0948-6},
 numpages = {12},
 url = {http://doi.acm.org/10.1145/2046707.2046725},
 doi = {10.1145/2046707.2046725},
 acmid = {2046725},
 keywords = {angle-based metrics, mouse dynamics, user verification}
} 

@inproceedings{Zhong2012,
 author = {Y. Zhong and Y. Deng and Anil. K. Jain},
 title = {Keystroke Dynamics for User Authentication},
 booktitle = booktitle_cvprw,
 address = address_cvprw12,
 month = month_cvprw12,
 year = {2012},
}

@inproceedings{Zhou2009,
 author = {Y. Zhou and F. De la Torre and J. Cohn},
 title = {Dynamic Cascades with Bidirectional Bootstrapping for Spontaneous Facial Action Unit Detection},
 booktitle = {International Conference on Affective Computing \& Intelligent Interaction},
 year = 2009
}

@inproceedings{ZhouChen2004,
 author = {Ming Zhao and Chun Chen and Stan Z. Li and Jiajun Bu},
 title = {Subspace Analysis and Optimization for {AAM} Based Face Alignment},
 booktitle = booktitle_afgr,
 address = address_afgr04,
 pages = {290--295},
 year = 2004
}

@inproceedings{Zhouyi2003,
        AUTHOR = "Y. Zhou and L. Gu and H.J. Zhang",
        TITLE = "{B}ayesian Tangent Shape Model: Estimating Shape and Pose Parameters Via {B}ayesian Inference",
        BOOKTITLE = booktitle_cvpr,
        volume = 1,
        PAGES = "109--116",
        address = address_cvpr03,
        YEAR = "2003"
}

@inproceedings{Zhouyi2005,
    author = {Y. Zhou and W. Zhang and X. Tang and H. Shum},
    title = {A {B}ayesian Mixture Model for Multi-view Face Alignment},
    booktitle = booktitle_cvpr,
    address = address_cvpr05,
    year = 2005
}

@article{Zhou2003,
 author = {S. Zhou and V. Krueger and R. Chellappa},
 title = {Probabilistic recognition of human faces from video},
 journal = journal_cviu,
 volume = 91,
 pages = {214--245},
 year = 2003
 }

@inproceedings{Zhou2004,
 author = {Shaohua Kevin Zhou and Rama Chellappa},
 title = {Illuminating Light Field: Image-based Face Recognition Across Illuminations and Poses},
 booktitle = booktitle_afgr,
 address = address_afgr04,
 year = 2004,
 pages = {229--234}
}

@inproceedings{Zhou2007,
 author = {S. Zhou and D. Comaniciu},
 title = {Shape regression machine},
 booktitle = booktitle_ipmi,
 address = address_ipmi07,
 month = month_ipmi07,
 pages = {13--25},
 year = 2007
}

@inproceedings{Zhu2006,
  author    = {Qiang Zhu and Shai Avidan and Mei-Chen Yeh and Kwang-Ting Cheng},
  title     = {Fast Human Detection Using a Cascade of Histograms of Oriented Gradients.},
  booktitle = booktitle_cvpr,
  address = address_cvpr06,
  volume    = 2,
  year      = {2006},
  pages     = {1491--1498}
}

@inproceedings{zhu2012face,
  title={Face detection, pose estimation, and landmark localization in the wild},
  author={Zhu, Xiangxin and Ramanan, Deva},
  booktitle = booktitle_cvpr,
  pages={2879--2886},
  year={2012},
  organization={IEEE}
}

@inproceedings{Zhuang2005,
 author = {Zhuang, Li and Zhou, Feng and Tygar, J. D.},
 title = {Keyboard acoustic emanations revisited},
 booktitle = booktitle_ccs,
 address = address_ccs05,
 month = month_ccs05,
 year = {2005},
 pages = {373--382}
 } 

@inproceedings{zhuang1999apply,
  title={Apply semantic template to support content-based image retrieval},
  author={Zhuang, Yueting and Liu, Xiaoming and Pan, Yunhe},
  booktitle={Electronic Imaging},
  pages={442--449},
  year={1999},
  organization={International Society for Optics and Photonics}
}

@article{Zitova2003,
    author = {B. Zitova and J. Flusser},
    title = {Image registration methods: a survey},
    journal = journal_ivc,
    volume = 21,
    number = 11,
    month = October,
    year = 2003,
    pages ={977--1000}
}


@inproceedings{Fei-Fei2004,
  author    = {L. Fei-Fei and R. Fergus and P. Perona},
  title     = {Learning generative visual models from few training examples: an incremental {B}ayesian approach tested on
101 object categories},
  booktitle = {Proc. of the CVPR 2004 Workshop on Generative-Model Based Vision},
  volume    = {},
  year      = {2004},
  pages     = {178--178}
}
