
@article{cerutti2013understanding,
  title={Understanding leaves in natural images--a model-based approach for tree species identification},
  author={Cerutti, Guillaume and Tougne, Laure and Mille, Julien and Vacavant, Antoine and Coquin, Didier},
  journal={Computer Vision and Image Understanding},
  volume={117},
  number={10},
  pages={1482--1501},
  year={2013},
  publisher={Elsevier}
}
